2930 4860
179 292 329 348 xxxviii

175 437 337 498 ¹deuotione
359 440 573 494 sacrosanctae
593 431 751 494 uectestae
770 432 925 501 Romanae
948 433 1056 500 metris
1079 396 1314 512 europe-‘eneces
1329 431 1387 502 de?

179 541 235 626 bes
255 542 461 606 incessanter„
477 555 532 613 per
553 535 647 598 culus·
661 537 770 599 merita
791 537 1175 616 gloriosum·acqnlsinlsti
1194 541 1374 617 niunpurc

179 647 327 705 adversus
347 661 420 711 ecs,
443 642 493 718 qui
515 649 552 699 te
567 640 740 702 nitebantur
761 642 897 719 gnatas
918 641 1093 712 tuclcstaret
1122 644 1200 706 (lum
1216 645 1312 722 igitur
1331 665 1375 704 re·

180 729 265 830 giunr
287 747 425 807 diadema
443 755 474 804 et
495 745 627 804 militare
647 746 793 805 vexillum
814 766 833 805 a
850 746 941 815 ,nobis
964 747 1180 825 per-Legatum
1198 750 1376 825 apostolicae

179 853 262 914 sodis
280 851 452 928 acceperis,
470 853 505 908 ut
525 865 655 927 regnum
676 859 761 909 tuurn
783 851 971 910 aestuant
993 851 1036 912 slt
1055 841 1376 929 speciale-providere

178 959 320 1018 volumus
342 955 515 1033 diligenter,
536 962 571 1028 ut
590 951 627 1012 ab
647 951 781 1012 hostiurn
798 952 1098 1030 ¹undiqualibcrstns
1113 956 1377 1020 translustrar-

180 1063 272 1142 quilla
293 1077 366 1138 pace
388 1058 522 1117 laeteris.
543 1055 679 1122 Novaria
698 1073 793 1133 ergo,
807 1055 851 1114 fili
874 1058 1047 1139 carissime,
1069 1059 1148 1135 quod
1164 1060 1281 1138 ingens
1295 1079 1377 1120 ener-

178 1167 258 1226 citus
280 1164 317 1223 da
339 1159 575 1222 occidentalibus
597 1149 738 1236 partibas
751 1169 808 1230 ,cst
823 1161 852 1218 in
863 1160 1024 1221 Graeciam
1040 1165 1245 1238 profecturus,
1260 1172 1377 1240 practer
1423 1183 1431 1194 ·

79 1325 83 1344 ,
179 1270 263 1329 illurn
286 1268 336 1344 qui
357 1283 461 1342 nuper·
475 1265 617 1328 accessit.
639 1263 723 1325 Unde
745 1263 799 1324 tibi
820 1273 852 1322 et
872 1273 973 1324 terrae
988 1275 1065 1330 tuce
1085 1267 1376 1343 debcsrsuntmopere

64 1435 68 1442 ,
178 1371 350 1450 providere,
372 1377 405 1428 at
421 1369 491 1428 dnm
513 1376 612 1446 potae,
633 1383 739 1444 pacem
762 1368 848 1428 ineas
871 1385 938 1428 cuna
959 1370 1094 1440 Latiaris3
1116 1389 1154 1430 ne
1175 1372 1301 1430 silente
1320 1371 1376 1446 ipsi

178 1494 217 1534 cx
239 1493 298 1534 nna
318 1481 405 1552 parte
431 1480 463 1530 et
482 1471 600 1550 Ungari
621 1490 660 1530 ex
681 1472 779 1532 altera
798 1480 827 1530 te
850 1473 1026 1534 studuerint
1042 1473 1238 1552 impugnare,
1259 1491 1316 1534 non
1336 1474 1376 1532 ia·

107 1597 111 1604 *
179 1579 237 1638 cile
258 1578 363 1656 possis
383 1575 532 1634 resistcre
552 1575 713 1639 conatibus
734 1583 945 1653 utrorarnqse.
968 1576 1118 1652 Quocirca
1133 1555 1291 1640 serenitati
1312 1586 1376 1634 tuae

179 1683 388 1762 suggerimus,
410 1687 441 1738 et
461 1679 648 1739 consulimus
669 1677 728 1738 lide
745 1666 855 1748 'recta¹
867 1689 1015 1757 ιιιιιιιιιιιιι
1029 1697 1098 1744 caus
1111 1681 1374 1765 Balduipumdon·

179 1765 477 1862 stantinopolitanunr
499 1784 729 1860 Imperatorem*
740 1783 861 1842 dicaris·
875 1793 981 1846 tencre
1002 1787 1165 1862 captivum,
1187 1787 1229 1846 ita
1242 1786 1298 1848 tibi
1312 1803 1375 1861 prov

178 1891 302 1957 videas,
329 1897 364 1948 nt
384 1906 440 1966 per
460 1886 676 1946 liberationem·
693 1887 810 1964 ipsius,
837 1898 994 1966 remu
1013 1890 1134 1950 urnam
1154 1907 1260 1966 pacem
1273 1891 1375 1950 ··iacias

180 2014 248 2059 curn
269 1995 400 2065 Latinis,
421 2002 456 2054 ut
475 1988 513 2053 ab
534 1993 764 2070 impugnatione
785 2001 846 2052 tua·
858 2002 889 2073 et
909 2001 1011 2054 terrae
1025 1993 1376 2070 tnacapcnitusccuquie·

122 2146 123 2149 ι
181 2110 285 2161 scena·
297 2101 362 2159 Nos
383 2099 463 2158 enirn
483 2095 619 2157 Henrico
641 2097 730 2156 inani
751 2095 887 2156 eiusdem
907 2098 1124 2174 Imperatoris,
1147 2099 1199 2176 qni
1213 2096 1375 2162 Constanti·

153 2225 158 2234 ’
178 2206 424 2283 napoli-praeest
444 2200 595 2262 exercitui
608 2201 799 2270 Latinorum,
820 2201 1055 2277 parapostolica
1069 2201 1185 2278 scripta
1196 2201 1374 2270 mandamus,

178 2319 213 2368 ut
228 2307 270 2368 ad
281 2325 395 2384 'pacem
417 2315 500 2366 tuam
521 2323 576 2383 pro
598 2304 776 2366 liberatione
791 2305 891 2382 lpslua
906 2287 1374 2382 breperatorislaatinocincliaet,

179 2421 211 2472 et
231 2431 250 2472 a
269 2421 322 2472 tua
342 2410 556 2471 molestatione
578 2419 681 2470 cesset
701 2389 837 2468 cracina·
865 2409 1120 2488 Insplretitaque
1143 2406 1199 2470 tlbl
1215 2412 1319 2491 Deus,
1345 2414 1375 2464 ut

179 2517 295 2576 nostris
317 2516 440 2576 mollitis
456 2497 493 2573 et
515 2515 652 2573 consiliis
669 2515 858 2592 acquiescas,
881 2521 1175 2592 quaternarcguum
1193 2493 1289 2582 ιιιιῖιιι,
1303 2508 1384 2589 quod·
1443 2579 1444 2584 γ

180 2620 267 2680 beato
277 2621 370 2679 Petro
393 2629 424 2679 et
444 2619 599 2678 Ecclesiae
612 2619 766 2677 Romanae
781 2616 1152 2686 devotissime-dedicasti,
1173 2617 1303 2678 ebornni
1315 2633 1376 2690 per*

178 2724 349 2785 turbatlone
371 2732 512 2783 servetur
527 2724 677 2790 illaesum,
699 2721 736 2781 ad
755 2721 835 2800 quod
847 2721 989 2800 cingens
985 2715 1129 2782 studium
1144 2721 1377 2800 impenderent·

178 2823 289 2906 pimus
300 2839 330 2888 et
350 2840 480 2904 operam
495 2828 693 2886 efficacem..
741 2885 742 2888 ,
823 2887 827 2890 ,

278 2933 442 2992 Praefatur
463 2950 537 2990 vcro
560 2931 734 2990 Joannitius
757 2932 822 2991 sire
845 2931 1070 3014 llalojobannes
1089 2933 1161 2990 llcx
1177 2931 1377 3009 Balgarcrunt

180 3043 211 3094 et
231 3034 395 3094 Blaccrunr
415 3034 582 3128 respondit,
606 3034 684 3112 quod
705 3037 772 3110 ipso
792 3035 894 3096 audita
912 3035 1311 3114 captioncrcgiaccivitatls
1328 3028 1377 3087 ml·

181 3147 265 3198 serat
286 3139 408 3196 nuntios
429 3148 461 3199 et
480 3138 611 3199 litteras
620 3139 657 3198 ad
678 3141 817 3210 latinos,
839 3150 887 3200 atr
877 3159 961 3200 cum
983 3142 1034 3199 eis
1050 3157 1158 3217 pacem
1169 3139 1307 3206 baberet
1327 3130 1389 3192 scd-

180 3241 241 3318 ipsi
264 3243 293 3300 ci
314 3241 534 3318 superbissime
556 3243 794 3320 responderunt,
816 3245 979 3317 dicentes,
975 3245 1074 3322 qnod
1094 3262 1213 3322 pacem
1222 3263 1279 3318 non
1294 3239 1377 3300 habe·

181 3353 250 3404 rent
268 3357 340 3405 ‘cnm
361 3345 434 3416 illo,
464 3347 524 3406 nial
542 3346 685 3407 redderet
706 3357 821 3406 terrena
842 3349 880 3408 ad
900 3349 1264 3426 Gmmtantinopolitsnanr
1287 3347 1373 3419 inrpc·
1443 3345 1444 3350 ’

183 3447 264 3506 rium
285 3450 501 3530 pertinentem,
531 3468 619 3537 quarn
642 3451 708 3530 ipse
732 3453 887 3512 invaserat
907 3453 1075 3522 violenter,
1106 3431 1216 3530 quibus
1246 3452 1310 3526 ipse
1330 3461 1375 3510 rer

183 3549 313 3628 spondit,
336 3552 417 3629 quod
434 3561 523 3612 terret
539 3551 591 3611 illa
607 3553 723 3627 justius
745 3555 1017 3636 possidebatnrab
1038 3557 1117 3632 ipso,
1140 3573 1230 3632 quam
1239 3555 1377 3618 constan·

184 3655 327 3732 tinopolis
348 3655 558 3732 possidebatur
581 3657 617 3716 ab
639 3658 710 3717 illis.
730 3657 831 3716 Nam
822 3677 888 3735 ipse
903 3667 1139 3736 recuperaverat
1154 3667 1282 3726 terram,
1294 3668 1377 3732 quam

190 3759 404 3840 progenitores
427 3762 475 3830 sni
496 3762 678 3831 amiserant,
694 3762 771 3820 sed'
763 3781 823 3840 rpst
814 3763 1129 3860 Constantinopolim
1143 3763 1376 3839 occupauerant,

186 3881 262 3939 quae
285 3864 321 3922 ad
343 3883 397 3922 eos
417 3865 539 3922 minime
561 3865 740 3941 pertinebat.
761 3867 830 3942 lpse
852 3851 1012 3948 praeterea
1033 3885 1177 3928 coronam
1198 3863 1286 3942 regni
1307 3857 1377 3934 legi·

170 3959 257 4025 aime
274 3976 431 4045 receperat
444 3986 462 4026 a
477 3987 594 4028 summo
605 3968 770 4038 Pontifice3
790 3965 864 4028 sed
855 3989 931 4048 ipsc,
942 3991 993 4048 qur
984 3953 1225 4050 reappellabat
1239 3951 1377 4028 consan-
1405 3985 1410 3988 ’

77 4101 79 4106 -
186 4069 416 4145 titiopolitanus}
429 4073 596 4142 Basileurn,
606 4091 746 4152 coronam
757 4067 877 4150 imperii
891 4084 1007 4137 temere
1024 4083 1237 4154 usurpaverat
1234 4091 1257 4132 a
1271 4069 1377 4143 seipso·

185 4171 287 4246 Quare
308 4174 416 4252 potius·
428 4176 466 4236 ad
487 4177 602 4254 ipsunt,
621 4178 712 4262 ιιιιιιι
726 4177 763 4236 ad
784 4177 868 4238 illurn
882 4179 1042 4256 imperium
1057 4173 1378 4258 pertiaelaatdeotlss

91 4321 97 4330 .
186 4275 242 4334 sub
263 4289 322 4339 unc
343 4278 477 4350 vexillo,
505 4281 583 4360 quod
605 4300 623 4342 a
645 4283 732 4344 beato
753 4282 853 4346 retro
869 4295 1044 4385 receperat,
1066 4285 1132 4344 eius
1154 4279 1290 4348 ababuc
1310 4269 1378 4334 insi·
