2930 4860
349 1063 954 1162 nussumfflm

87 1316 141 1379 ιι
177 1315 457 1385 armenas
494 1319 527 1384 A
567 1289 811 1402 aaaron
858 1317 1250 1406 enarrarre,

517 1447 796 1550 crannonem
885 1511 888 1518 .

166 1647 233 1706 nn
258 1627 592 1710 moriannae
618 1647 820 1709 nuens
850 1601 1116 1712 onerare

87 1846 252 1980 eommunis
275 1927 327 1980 est
348 1920 449 2000 oplnlo
470 1919 608 1982 vlrornm
629 1919 834 1990 eruditorum,
862 1919 980 1982 Romae
998 1939 1093 2000 penes
1114 1920 1249 2001 linguam

87 2019 169 2081 doctam
188 2025 362 2102 complures
383 2027 459 2086 alias
476 2025 632 2086 exstitisse
650 2025 797 2086 dialectos
816 2026 885 2103 plus
905 2025 1006 2086 rnlnua
1030 2025 1068 2086 alt
1092 2027 1146 2086 llla
1165 2027 1250 2089 ciue·

86 2135 168 2194 rentes,
187 2146 261 2205 qnae
283 2129 404 2188 nomine
425 2128 548 2208 linguae
569 2130 723 2206 aarum,
743 2128 913 2208 pedestris,
928 2127 1089 2200 saldimia,
1104 2129 1251 2207 culparis

28 2239 29 2278 ι
86 2224 193 2305 insigniri
212 2231 361 2294 solebant.
384 2231 470 2307 Quod
491 2233 587 2306 initio,
608 2251 700 2310 quum
721 2233 892 2309 respublica
914 2232 1045 2294 civitatis
1060 2235 1251 2312 constringe·

84 2328 146 2390 latur
162 2337 272 2404 muris,
300 2336 344 2394 ita
369 2337 477 2406 luisse,
505 2355 563 2396 non
585 2336 660 2398 adeo
681 2337 875 2417 facilescredl
895 2345 1015 2413 potest3
1042 2337 1251 2398 crescentibus

86 2441 155 2495 tanen
173 2440 299 2509 viribus,
321 2448 352 2500 et
371 2433 517 2500 limitibus
538 2441 658 2517 imperii
674 2442 776 2519 magis
788 2441 947 2518 magisque
962 2440 1106 2510 dilatatis,
1128 2459 1168 2502 ex
1181 2459 1251 2502 can·

86 2553 151 2600 cursu
173 2544 329 2604 veriorum
355 2545 387 2602 in
414 2544 500 2606 ltalia
527 2544 698 2623 degentium
720 2543 918 2621 populorum,
952 2561 1011 2602 non
1034 2542 1109 2604 adeo
1132 2543 1251 2620 quidem

85 2643 187 2722 origine,
211 2667 304 2725 quarn
333 2633 469 2710 moribus
498 2657 530 2708 ot
561 2649 721 2731 regiminis
754 2649 870 2717 ldrnm.
906 2647 1115 2723 diversorum,
1146 2646 1251 2722 plures
1343 2687 1347 2698 .

86 2751 189 2820 quanvis
208 2751 245 2810 ab
266 2743 398 2813 invicem
419 2771 482 2816 non
500 2753 625 2814 multum
654 2753 882 2830 discrepantes,
910 2752 1072 2829 populares
1101 2750 1249 2811 dialectos
1317 2775 1325 2792 ·

85 2860 170 2924 anama,
188 2873 248 2916 uon
263 2864 378 2915 tautum
393 2856 520 2934 admitti,
535 2875 641 2916 verum
652 2857 848 2935 gravissimis
867 2857 1034 2916 rationibus
1050 2855 1253 2916 demonstrari

86 2963 163 3026 potest.
180 2961 270 3038 llam,
293 2961 321 3020 si
341 2961 439 3022 misso
460 2962 623 3022 fecerimus
644 2963 775 3039 reliqna,
796 2971 880 3022 certe
901 2959 951 3022 hie
972 2961 1182 3037 ponderanda,
1201 2979 1253 3024 ar·

87 3073 211 3135 gunenta,
245 3065 432 3126 solummodo
453 3067 602 3146 Analogia
623 3067 660 3126 ab
680 3067 826 3127 hodierno
849 3075 930 3130 statu
958 3067 1166 3143 Europearum
1200 3084 1252 3126 na·

87 3159 168 3226 lionam
187 3169 283 3238 iacta,
304 3169 378 3228 nulli
399 3169 487 3230 dubio
509 3171 659 3248 relinquet
679 3165 791 3233 locum.
814 3169 1051 3232 Consideremus
1071 3169 1151 3226 enim
1173 3168 1252 3228 Ger·

90 3270 192 3350 nolon,
214 3273 271 3334 sed
291 3273 368 3334 nihil
389 3270 526 3336 dicemus
547 3275 583 3336 de
603 3275 739 3343 Batavis,
760 3273 868 3345 Danis,
889 3272 1010 3342 suecis,
1032 3287 1129 3348 eoque
1150 3272 1252 3332 minus

92 3363 223 3454 cinglis,
243 3377 299 3455 ¹qui
320 3385 384 3438 toto
406 3377 548 3438 differunt
567 3377 662 3446 coelo,
684 3378 759 3438 licet
778 3376 883 3436 eadem
904 3378 966 3436 sint
978 3377 1015 3436 de
1033 3378 1129 3455 stirpe
1144 3378 1252 3448 creati,

88 3479 299 3542 elconleramns
320 3480 484 3542 Rhenanus
512 3499 580 3543 cum
598 3482 789 3560 Austriaois,
817 3479 976 3542 Heluetios
1007 3497 1075 3544 cum
1103 3481 1253 3559 Prussls,

85 3572 195 3664 Senones
218 3601 288 3644 cnm
309 3565 494 3663 Thurinpis,
523 3587 573 3663 qui
594 3585 744 3646 industria
764 3584 951 3646 eruditorum
981 3603 1017 3646 eo
1046 3593 1252 3662 pervenerunt

86 3687 108 3737 ¹11
121 3701 168 3747 nno
188 3688 354 3766 eodemque
375 3688 482 3758 saltem
503 3690 636 3750 scribant
656 3689 755 3758 modo,
770 3705 957 3766 quamquam
978 3688 1253 3758 diversissimolo·
1319 3739 1321 3744 ,

86 3797 195 3856 llantur.
225 3791 294 3859 Hoc
315 3793 394 3854 idem
415 3794 539 3870 praebet
557 3794 660 3864 ltalia,
688 3793 740 3854 uhi
767 3793 864 3854 ferme
894 3796 1020 3871 quaevis
1048 3795 1155 3852 civitas
1169 3810 1253 3870 ‘prc-

85 3887 158 3957 prium
176 3893 267 3956 habet
286 3897 408 3967 idioma,
430 3899 567 3974 quamvis
588 3915 694 3960 omncs
716 3915 811 3958 ιιιιιιιι-
827 3906 995 3976 agnoscant
1015 3897 1183 3958 llterarlarn
1199 3897 1261 3956 lin·-

85 4004 167 4065 puauu
187 3999 326 4079 idemque
345 3999 563 4079 Hispanla‚,et
583 4004 654 4080 ipsa
671 4004 761 4064 ctiam
784 4002 902 4083 Gallia3
923 4002 959 4063 de
982 4002 1089 4079 qulbus
1111 4001 1253 4078 deinceps

86 4100 196 4176 exempla
215 4122 334 4183 quoquc
356 4105 453 4166 oculis
475 4105 682 4172 subiiciemus.
701 4137 744 4154 ····
763 4107 913 4166 Diversae
934 4105 991 4165 hae
1013 4105 1151 4176 dialecti,
1171 4112 1254 4182 post·

87 4207 338 4270 moneodanum
365 4208 525 4285 imperium
553 4199 633 4269 ultra
660 4204 769 4270 ltaliae
793 4219 968 4282 exstensuna
988 4207 1253 4299 luissetxlimites,

86 4306 177 4368 sensim
198 4320 294 4376 semet
314 4312 413 4392 magis
435 4313 625 4383 evolverem
644 4312 675 4371 tn
690 4313 844 4392 propriam
856 4312 1103 4398 independentom
1117 4311 1253 4388 linguam
