2930 4860
501 486 504 495 ·
584 442 644 529 1.
676 450 709 529 1.

141 653 230 730 „Ego
254 669 345 722 sene,
368 652 420 730 qui
440 659 611 729 torpentem
632 648 849 730 rempublicam
866 657 898 710 et
917 647 1106 727 dissipatam,
1128 644 1262 708 mmdo'·

61 757 171 817 mesties
190 737 371 837 tyrannide,
393 764 458 816 tum
480 756 628 816 Getarum
651 756 844 826 contumelio,
868 755 1058 831 suseipions,
1079 753 1167 812 solus
1186 749 1261 812 istri

65 862 164 920 ennoias
187 861 323 940 adgredi
345 877 440 920 susus
461 877 540 931 sum,
562 871 593 921 et
614 861 763 922 Getarum
785 859 905 938 quidem
927 867 1050 937 gentem
1070 857 1191 936 penitus
1211 855 1263 914 de·

68 965 123 1036 bvi,
143 965 307 1042 (homiues
329 973 394 1024 tum
417 964 454 1024 ob
474 965 569 1028 robur
590 965 729 1043 eorporis
751 973 815 1024 tum
836 965 875 1022 ob
898 961 1069 1040 opinionem
1091 961 1127 1020 de
1148 951 1262 1039 migra*-

66 1071 130 1129 tione
150 1072 346 1147 animorum,
372 1087 463 1147 quem
482 1071 544 1132 illis
577 1071 735 1131 Zalmoxis
767 1068 944 1137 instillavit,
977 1066 1228 1126 bellicosissimos
1237 1061 1263 1140 p)
1360 1115 1365 1128 .

63 1181 90 1231 st
104 1172 161 1234 boe
183 1173 311 1252 quidem
332 1182 448 1234 tuntum
469 1193 545 1252 opus
567 1177 654 1234 unnis
676 1176 745 1234 iere
764 1174 895 1252 quinque
918 1169 1066 1235 eonieni.⁸’
1086 1171 1197 1230 Peneis
1212 1167 1263 1228 bis

62 1276 172 1347 verbis,
195 1276 279 1354 opud
294 1275 452 1336 Juliennm
474 1277 504 1336 ln
527 1277 731 1354 Csesnribus,
753 1275 897 1356 gigomm
917 1293 975 1339 sus
989 1276 1142 1334 Traianus
1165 1271 1266 1350 expri-
1294 1283 1297 1288 “

62 1381 108 1438 nit
123 1389 236 1461 gesto,
272 1383 325 1460 qni
346 1380 461 1442 duobos
482 1381 571 1442 bediis
593 1391 699 1444 contre
719 1383 823 1442 Dacos
844 1381 1017 1457 suseeptis,
1048 1381 1146 1458 primo
1169 1393 1265 1438 sose

64 1483 232 1544 lseessendo
256 1487 428 1546 Romanum
449 1471 609 1562 imperium
631 1485 752 1562 repulit
774 1483 906 1543 seeundo
930 1481 1057 1542 necdum
1079 1482 1198 1560 quietos
1212 1499 1264 1558 po·
1296 1489 1298 1496 '

71 1587 139 1646 nitus
152 1587 286 1658 delevit,
309 1597 469 1666 postquam
491 1587 669 1666 stupendum
689 1587 777 1646 iilum
797 1587 828 1644 iu
844 1586 984 1646 Danubio
1003 1587 1171 1646 struxisset
1191 1603 1264 1662 pou·

68 1698 131 1761 tem,
152 1693 188 1751 de
212 1711 276 1768 qno
297 1693 358 1754 Dio
382 1694 527 1753 Casius:
558 1694 707 1768 „Interim
738 1692 890 1752 Troianus
911 1701 1034 1769 pontem
1061 1683 1213 1770 iupideu'm
1232 1691 1264 1749 in

64 1792 197 1855 Danubio
213 1793 388 1855 faciendum
411 1798 530 1858 oursvit
541 1839 553 1868 ,
582 1815 671 1876 quem
692 1815 751 1876 ogo
774 1795 894 1875 quidem
916 1796 1007 1874 digno
1036 1796 1179 1856 admirori
1204 1808 1264 1854 nou

64 1915 150 1974 (μους
179 1913 254 1958 nam
275 1899 335 1958 etsi
357 1899 483 1961 Troiani
512 1911 584 1961 sunt
612 1902 675 1983 ulie¹
693 1919 787 1978 opere
807 1899 988 1978 magnifiee,
1018 1909 1117 1959 temen
1139 1900 1167 1958 is
1188 1915 1274 1990 pons·

24 2021 25 2024 ¹
64 2001 146 2080 longe
160 2001 304 2062 omnibus
327 2005 397 2063 eliis
413 2007 576 2066 antecellit.
608 2009 683 2064 Eius
705 2005 806 2083 pontis
827 2007 906 2083 pilae
927 2012 998 2062 snut
1018 2003 1086 2062 XX.
1108 2021 1147 2061 ox
1167 1998 1266 2079 lepide

1 2103 2 2124 ¹
64 2077 222 2184 quadrato,
245 2107 387 2192 singulae
409 2103 522 2188 ubsque
543 2109 746 2168 fundamentis
766 2108 924 2168 altitudine
946 2107 1055 2184 pedum
1077 2107 1143 2176 CL,
1165 2106 1267 2166 latitu-

63 2210 126 2268 dine
149 2211 261 2287 pednm
282 2211 348 2270 Lx.
370 2210 484 2296 distent
512 2211 644 2270 intense
671 2211 832 2298 interuallo
856 2209 975 2272 CLXX.
996 2211 1115 2290 pedum,
1138 2219 1268 2289 suntque

62 2316 226 2374 fornicibus
250 2316 439 2376 ooniunotne.
461 2313 555 2374 (iuius
578 2317 681 2392 operis
703 2326 843 2394 sumptus
864 2314 937 2376 lieet
958 2316 998 2374 sit
1012 2315 1209 2385 incredibilis,
1224 2325 1267 2376 ts·

1 2431 2 2494 Ῑ
63 2433 131 2477 men
150 2419 220 2496 plus
243 2419 454 2480 admirationis
476 2417 578 2489 babet,
601 2419 679 2498 quod
700 2418 776 2480 boen
796 2421 827 2478 in
848 2419 942 2480 fluvio
963 2420 1139 2498 gurgitibus
1160 2419 1267 2496 pleno,

1 2507 2 2556 3
64 2523 231 2600 limosoque
251 2524 338 2584 alveo
352 2525 432 2584 iaetu
453 2534 540 2595 sunt,
563 2524 700 2604 quodque
721 2525 824 2584 fluxus
846 2524 912 2582 eius
933 2523 1068 2582 fluminis
1090 2523 1149 2582 ulio
1171 2524 1268 2582 evomi

63 2644 122 2685 non
137 2626 246 2702 potuit.
267 2627 373 2705 Neque
387 2645 460 2687 veno
482 2625 607 2686 latitudo
629 2627 727 2704 ipsius
749 2625 904 2687 ideireo'n
925 2626 1074 2688 medicis
1096 2633 1164 2703 est,
1189 2623 1268 2703 quod

65 2747 230 2808 permagno
257 2731 313 2788 sit:
343 2724 569 2811 (nonnunquam
592 2727 672 2790 enim
695 2733 795 2809 dupio,
825 2731 977 2809 triploque
993 2717 1096 2791 maius
1112 2731 1268 2811 iuundet‚)
1367 2774 1370 2784 ,

68 2832 120 2890 sed
140 2834 220 2910 quod
241 2843 326 2894 tento
347 2835 439 2894 sitin
460 2853 496 2895 eo
518 2835 586 2896 loeo
608 2837 847 2915 angustissimo,
877 2849 935 2913 quo
957 2845 1057 2894 tumen
1080 2837 1180 2894 nuilus
1203 2823 1271 2895 erut

70 2937 104 2996 ad
123 2939 279 3000 iaciendos
301 2945 408 3016 pontes
430 2937 664 3008 eponmsdstior.
690 2939 757 3015 Quo
778 2941 809 2998 in
826 2940 894 3022 ineo
914 2949 1024 3017 quomo
1041 2940 1139 2996 maius
1155 2939 1268 2996 flumen

71 3061 108 3104 ex
126 3041 187 3102 leto
208 3044 242 3102 in
264 3053 427 3120 angustum
438 3041 525 3112 duit,
548 3039 927 3122 rursumquenexnngusto
939 3042 1077 3103 multofit
1090 3041 1192 3110 letius,
1207 3049 1271 3100 ten·

73 3154 99 3204 to
119 3147 255 3223 rapidius
277 3146 395 3219 fertur,
417 3148 568 3225 duosque
590 3157 656 3217 est,
686 3156 719 3206 ut
739 3146 769 3206 id
790 3149 891 3224 pontis
913 3147 1041 3206 faciendi
1064 3145 1271 3213 didienltntern

82 3253 196 3310 menime
219 3261 340 3328 augent.
361 3253 409 3310 lix
431 3269 488 3328 quo
511 3253 636 3312 Treieni
657 3251 831 3330 magnitudo
854 3252 945 3310 animi
967 3251 1097 3328 intedigi
1111 3249 1200 3308 fenile
1221 3261 1296 3324 pos·

82 3357 184 3413 teot-
194 3355 299 3433 Igitur
321 3355 471 3415 Traianus
493 3371 529 3414 eo
550 3363 640 3432 ponte
661 3355 933 3425 emolumentum
954 3353 1113 3430 transivit3
1136 3352 1204 3410 dein
1226 3357 1274 3409 se·

1 3531 2 3536 η
76 3472 142 3517 sure
161 3458 278 3517 bellum
299 3461 400 3538 gessit
419 3460 530 3537 magis,
553 3477 644 3536 quam
658 3459 812 3528 celeriter,
835 3477 871 3518 eo
883 3460 986 3518 Dauos
1003 3459 1056 3516 vix
1069 3453 1275 3518 tandem-sub·

73 3563 188 3640 egit-
195 3562 368 3622 Decebalns
378 3557 635 3646 [RexDuebrum]
643 3565 803 3640 postquem
815 3563 943 3642 regium,
956 3561 1174 3642 regionemque
1187 3576 1274 3618 sunm

73 3684 189 3726 omnem
210 3675 330 3743 septem
351 3685 422 3728 esee
445 3667 600 3746 cognovit*
620 3668 838 3744 imminereque
859 3668 1039 3744 perieulum
1061 3685 1099 3725 ne
1119 3666 1187 3742 ipse
1203 3680 1276 3740 quo·

73 3787 130 3846 que
151 3780 324 3848 superetur,
344 3789 452 3832 manns
474 3771 533 3830 sibi
555 3770 664 3832 attulit.
685 3771 760 3829 bidos
782 3781 870 3847 capnt
887 3773 1017 3848 Romam
1036 3771 1188 3848 perlatum
1210 3775 1275 3836 est,

72 3881 104 3930 et
121 3876 219 3934 Deoia
239 3876 270 3934 in
292 3883 474 3954 potestatem
494 3875 736 3954 populibtomeni
758 3875 852 3944 venit,
873 3876 905 3933 in
920 3893 1045 3952 eumque
1061 3873 1212 3932 Troianus
1227 3889 1277 3933 eo·

72 3973 173 4036 ionias
195 3977 346 4038 deduxit.”
1059 3991 1063 3999 ’

171 4082 336 4159 Eutropius
357 4081 450 4142 Libro
471 4081 526 4143 vt.
546 4083 578 4146 6.
599 4053 930 4160 northusunensem
952 4101 1007 4141 suo
1029 4081 1223 4158 ponderosis,
1245 4089 1291 4142 et,-

74 4187 282 4246 extensionem
303 4187 479 4264 provinciae
500 4195 530 4246 et
550 4203 708 4244 numerum
729 4187 760 4244 in
773 4187 856 4244 iilum
872 4187 1030 4245 ductorum
1044 4186 1212 4246 inediarum
1229 4185 1279 4243 od·

74 4291 211 4353 mirando
232 4291 333 4370 magis
361 4309 461 4370 quarm
482 4290 721 4369 determinando,
741 4290 875 4352 tudioere
897 4299 1024 4361 sonetur
1044 4289 1164 4380 verbis:
1178 4288 1278 4360 „tium
