<?xml version="1.0" encoding="UTF-8"?>
<!DOCTYPE html PUBLIC "-//W3C//DTD XHTML 1.0 Transitional//EN"
    "http://www.w3.org/TR/xhtml1/DTD/xhtml1-transitional.dtd">
<html xmlns="http://www.w3.org/1999/xhtml" xml:lang="en" lang="en">
 <head>
  <title>
</title>
<meta http-equiv="Content-Type" content="text/html;charset=utf-8" />
  <meta name='ocr-system' content='tesseract 3.04.00' />
  <meta name='ocr-capabilities' content='ocr_page ocr_carea ocr_par ocr_line ocrx_word'/>
</head>
<body>
  <div class='ocr_page' id='page_1' title='image "./tentamencriticu01laurgoog_0369.png"; bbox 0 0 2904 4864; ppageno 0'>
   <div class='ocr_carea' id='block_1_1' title="bbox 462 567 1122 683">
    <p class='ocr_par' dir='ltr' id='par_1_1' title="bbox 462 567 1122 683">
     <span class='ocr_line' id='line_1_1' title="bbox 462 567 1122 683; baseline -0.011 0"><span class='ocrx_word' id='word_1_1' title='bbox 462 567 1122 683; x_wconf 75' lang='lat' dir='ltr'><strong>suerrooucnnnn</strong></span> 
     </span>
    </p>
   </div>
   <div class='ocr_carea' id='block_1_2' title="bbox 296 776 1349 934">
    <p class='ocr_par' dir='ltr' id='par_1_2' title="bbox 296 776 1349 934">
     <span class='ocr_line' id='line_1_2' title="bbox 296 776 1349 934; baseline 0.002 -2"><span class='ocrx_word' id='word_1_2' title='bbox 296 837 672 932; x_wconf 74' lang='lat' dir='ltr'><strong>sunnam</strong></span> <span class='ocrx_word' id='word_1_3' title='bbox 702 776 1313 934; x_wconf 78' lang='lat' dir='ltr'><strong>sunuunumnurr.</strong></span> <span class='ocrx_word' id='word_1_4' title='bbox 1344 788 1349 796; x_wconf 77' lang='grc'>’</span> 
     </span>
    </p>
   </div>
   <div class='ocr_carea' id='block_1_3' title="bbox 193 1072 1447 1794">
    <p class='ocr_par' dir='ltr' id='par_1_3' title="bbox 193 1072 1447 1794">
     <span class='ocr_line' id='line_1_3' title="bbox 295 1072 1447 1175; baseline -0.003 -22"><span class='ocrx_word' id='word_1_5' title='bbox 295 1095 444 1174; x_wconf 74' lang='lat' dir='ltr'><strong>Singulae</strong></span> <span class='ocrx_word' id='word_1_6' title='bbox 466 1072 615 1158; x_wconf 84' lang='lat' dir='ltr'><strong>orationis</strong></span> <span class='ocrx_word' id='word_1_7' title='bbox 638 1105 741 1175; x_wconf 82' lang='lat' dir='ltr'><strong>partes</strong></span> <span class='ocrx_word' id='word_1_8' title='bbox 766 1105 869 1154; x_wconf 90' lang='lat' dir='ltr'><strong>mutuo</strong></span> <span class='ocrx_word' id='word_1_9' title='bbox 891 1096 970 1154; x_wconf 92' lang='lat' dir='ltr'><strong>inter</strong></span> <span class='ocrx_word' id='word_1_10' title='bbox 996 1114 1031 1154; x_wconf 87' lang='lat' dir='ltr'><strong>se</strong></span> <span class='ocrx_word' id='word_1_11' title='bbox 1050 1101 1268 1156; x_wconf 80' lang='lat' dir='ltr'><strong>contrectantur</strong></span> <span class='ocrx_word' id='word_1_12' title='bbox 1288 1100 1339 1152; x_wconf 87' lang='lat' dir='ltr'><strong>aut</strong></span> <span class='ocrx_word' id='word_1_13' title='bbox 1356 1091 1389 1150; x_wconf 85' lang='lat' dir='ltr'><strong>ai</strong></span> <span class='ocrx_word' id='word_1_14' title='bbox 1446 1153 1447 1166; x_wconf 19' lang='lat'>¹</span> 
     </span>
     <span class='ocr_line' id='line_1_4' title="bbox 197 1179 1410 1276; baseline -0.002 -20"><span class='ocrx_word' id='word_1_15' title='bbox 197 1179 560 1276; x_wconf 72' lang='lat' dir='ltr'><strong>conceptns¹oou1positos</strong></span> <span class='ocrx_word' id='word_1_16' title='bbox 578 1201 754 1263; x_wconf 84' lang='lat' dir='ltr'><strong>efficiendos</strong></span> <span class='ocrx_word' id='word_1_17' title='bbox 773 1208 823 1258; x_wconf 92' lang='lat' dir='ltr'><strong>aut</strong></span> <span class='ocrx_word' id='word_1_18' title='bbox 838 1199 874 1258; x_wconf 88' lang='lat' dir='ltr'><strong>ad</strong></span> <span class='ocrx_word' id='word_1_19' title='bbox 887 1198 1002 1272; x_wconf 86' lang='lat' dir='ltr'><strong>judicia</strong></span> <span class='ocrx_word' id='word_1_20' title='bbox 1018 1198 1168 1274; x_wconf 85' lang='lat' dir='ltr'><strong>simplicia</strong></span> <span class='ocrx_word' id='word_1_21' title='bbox 1184 1195 1389 1272; x_wconf 81' lang='lat' dir='ltr'><strong>exprimenda,</strong></span> <span class='ocrx_word' id='word_1_22' title='bbox 1405 1223 1410 1240; x_wconf 89' lang='lat'><strong>·</strong></span> 
     </span>
     <span class='ocr_line' id='line_1_5' title="bbox 194 1299 1389 1382; baseline -0.003 -22"><span class='ocrx_word' id='word_1_23' title='bbox 194 1301 272 1378; x_wconf 87' lang='lat' dir='ltr'><strong>quod</strong></span> <span class='ocrx_word' id='word_1_24' title='bbox 293 1317 348 1378; x_wconf 91' lang='lat' dir='ltr'><strong>ope</strong></span> <span class='ocrx_word' id='word_1_25' title='bbox 364 1303 607 1364; x_wconf 73' lang='lat' dir='ltr'><strong>constructionis</strong></span> <span class='ocrx_word' id='word_1_26' title='bbox 623 1305 787 1364; x_wconf 82' lang='lat' dir='ltr'><strong>dictionum</strong></span> <span class='ocrx_word' id='word_1_27' title='bbox 802 1303 1020 1382; x_wconf 79' lang='lat' dir='ltr'><strong>grammaticae</strong></span> <span class='ocrx_word' id='word_1_28' title='bbox 1041 1301 1110 1360; x_wconf 89' lang='lat' dir='ltr'><strong>fieri</strong></span> <span class='ocrx_word' id='word_1_29' title='bbox 1125 1299 1284 1376; x_wconf 86' lang='lat' dir='ltr'><strong>hucusque</strong></span> <span class='ocrx_word' id='word_1_30' title='bbox 1299 1299 1389 1357; x_wconf 91' lang='lat' dir='ltr'><strong>docui·</strong></span> 
     </span>
     <span class='ocr_line' id='line_1_6' title="bbox 193 1403 1387 1486; baseline -0.003 -22"><span class='ocrx_word' id='word_1_31' title='bbox 193 1421 272 1466; x_wconf 87' lang='lat' dir='ltr'><strong>mus.</strong></span> <span class='ocrx_word' id='word_1_32' title='bbox 295 1408 372 1464; x_wconf 82' lang='lat' dir='ltr'><strong>Turn</strong></span> <span class='ocrx_word' id='word_1_33' title='bbox 390 1416 555 1486; x_wconf 90' lang='lat' dir='ltr'><strong>conceptus</strong></span> <span class='ocrx_word' id='word_1_34' title='bbox 577 1405 756 1483; x_wconf 84' lang='lat' dir='ltr'><strong>compositi,</strong></span> <span class='ocrx_word' id='word_1_35' title='bbox 778 1415 842 1486; x_wconf 76' lang='lat' dir='ltr'><strong>tum</strong></span> <span class='ocrx_word' id='word_1_36' title='bbox 859 1403 973 1480; x_wconf 89' lang='lat' dir='ltr'><strong>judicia</strong></span> <span class='ocrx_word' id='word_1_37' title='bbox 994 1403 1145 1480; x_wconf 84' lang='lat' dir='ltr'><strong>simplicia</strong></span> <span class='ocrx_word' id='word_1_38' title='bbox 1165 1404 1309 1463; x_wconf 88' lang='lat' dir='ltr'><strong>ulteriori</strong></span> <span class='ocrx_word' id='word_1_39' title='bbox 1331 1420 1387 1462; x_wconf 91' lang='lat' dir='ltr'><strong>con·</strong></span> 
     </span>
     <span class='ocr_line' id='line_1_7' title="bbox 193 1507 1391 1588; baseline -0.002 -22"><span class='ocrx_word' id='word_1_40' title='bbox 193 1509 338 1568; x_wconf 91' lang='lat' dir='ltr'><strong>iunctioni</strong></span> <span class='ocrx_word' id='word_1_41' title='bbox 363 1529 418 1568; x_wconf 88' lang='lat' dir='ltr'><strong>scu</strong></span> <span class='ocrx_word' id='word_1_42' title='bbox 438 1512 618 1570; x_wconf 80' lang='lat' dir='ltr'><strong>connexioni</strong></span> <span class='ocrx_word' id='word_1_43' title='bbox 639 1511 746 1570; x_wconf 87' lang='lat' dir='ltr'><strong>idonea</strong></span> <span class='ocrx_word' id='word_1_44' title='bbox 766 1519 854 1582; x_wconf 88' lang='lat' dir='ltr'><strong>suut,</strong></span> <span class='ocrx_word' id='word_1_45' title='bbox 882 1510 959 1588; x_wconf 82' lang='lat' dir='ltr'><strong>quod</strong></span> <span class='ocrx_word' id='word_1_46' title='bbox 982 1527 1038 1586; x_wconf 93' lang='lat' dir='ltr'><strong>ope</strong></span> <span class='ocrx_word' id='word_1_47' title='bbox 1049 1507 1295 1566; x_wconf 89' lang='lat' dir='ltr'><strong>constructionis</strong></span> <span class='ocrx_word' id='word_1_48' title='bbox 1309 1525 1391 1564; x_wconf 88' lang='lat' dir='ltr'><strong>enun-</strong></span> 
     </span>
     <span class='ocr_line' id='line_1_8' title="bbox 195 1611 1392 1692; baseline -0.002 -22"><span class='ocrx_word' id='word_1_49' title='bbox 195 1613 344 1672; x_wconf 90' lang='lat' dir='ltr'><strong>ciatorum</strong></span> <span class='ocrx_word' id='word_1_50' title='bbox 359 1621 492 1672; x_wconf 80' lang='lat' dir='ltr'><strong>mutuant</strong></span> <span class='ocrx_word' id='word_1_51' title='bbox 505 1615 725 1692; x_wconf 82' lang='lat' dir='ltr'><strong>copulationem</strong></span> <span class='ocrx_word' id='word_1_52' title='bbox 742 1614 932 1691; x_wconf 87' lang='lat' dir='ltr'><strong>poscentium</strong></span> <span class='ocrx_word' id='word_1_53' title='bbox 949 1612 1054 1689; x_wconf 85' lang='lat' dir='ltr'><strong>perfici</strong></span> <span class='ocrx_word' id='word_1_54' title='bbox 1076 1611 1170 1678; x_wconf 89' lang='lat' dir='ltr'><strong>solet,</strong></span> <span class='ocrx_word' id='word_1_55' title='bbox 1191 1611 1228 1668; x_wconf 86' lang='lat' dir='ltr'><strong>de</strong></span> <span class='ocrx_word' id='word_1_56' title='bbox 1246 1629 1307 1687; x_wconf 85' lang='lat' dir='ltr'><strong>quo</strong></span> <span class='ocrx_word' id='word_1_57' title='bbox 1323 1626 1392 1669; x_wconf 90' lang='lat' dir='ltr'><strong>nuuc</strong></span> 
     </span>
     <span class='ocr_line' id='line_1_9' title="bbox 194 1703 1287 1794; baseline 0.01 -20"><span class='ocrx_word' id='word_1_58' title='bbox 194 1715 282 1775; x_wconf 86' lang='lat' dir='ltr'><strong>uobis</strong></span> <span class='ocrx_word' id='word_1_59' title='bbox 299 1717 449 1794; x_wconf 77' lang='lat' dir='ltr'><strong>agendum</strong></span> <span class='ocrx_word' id='word_1_60' title='bbox 466 1718 534 1777; x_wconf 92' lang='lat' dir='ltr'><strong>erit.</strong></span> <span class='ocrx_word' id='word_1_61' title='bbox 1284 1703 1287 1711; x_wconf 30' lang='grc' dir='ltr'>Ι</span> 
     </span>
    </p>
   </div>
   <div class='ocr_carea' id='block_1_4' title="bbox 166 1859 1450 2671">
    <p class='ocr_par' dir='ltr' id='par_1_4' title="bbox 166 1859 1450 2360">
     <span class='ocr_line' id='line_1_10' title="bbox 166 1859 1449 1950; baseline -0.003 -24"><span class='ocrx_word' id='word_1_62' title='bbox 166 1944 169 1950; x_wconf 70' lang='lat'><em>,</em></span> <span class='ocrx_word' id='word_1_63' title='bbox 236 1863 711 1946; x_wconf 71' lang='lat' dir='ltr'><strong>LEnunciatasimplicia,-seu</strong></span> <span class='ocrx_word' id='word_1_64' title='bbox 733 1869 780 1928; x_wconf 87' lang='lat' dir='ltr'><strong>sic</strong></span> <span class='ocrx_word' id='word_1_65' title='bbox 800 1868 899 1928; x_wconf 89' lang='lat' dir='ltr'><strong>dictae</strong></span> <span class='ocrx_word' id='word_1_66' title='bbox 921 1867 1116 1935; x_wconf 82' lang='lat' dir='ltr'><strong>Sententiae,</strong></span> <span class='ocrx_word' id='word_1_67' title='bbox 1139 1867 1269 1924; x_wconf 78' lang='lat' dir='ltr'><strong>interce</strong></span> <span class='ocrx_word' id='word_1_68' title='bbox 1284 1867 1396 1926; x_wconf 79' lang='lat' dir='ltr'><strong>conium</strong></span> <span class='ocrx_word' id='word_1_69' title='bbox 1448 1859 1449 1872; x_wconf 53' lang='lat'><em>*</em></span> 
     </span>
     <span class='ocr_line' id='line_1_11' title="bbox 195 1970 1396 2049; baseline 0 -21"><span class='ocrx_word' id='word_1_70' title='bbox 195 1978 280 2039; x_wconf 89' lang='lat' dir='ltr'><strong>ctae,</strong></span> <span class='ocrx_word' id='word_1_71' title='bbox 310 1979 362 2029; x_wconf 90' lang='lat' dir='ltr'><strong>aut</strong></span> <span class='ocrx_word' id='word_1_72' title='bbox 383 1971 420 2030; x_wconf 89' lang='lat' dir='ltr'><strong>ad</strong></span> <span class='ocrx_word' id='word_1_73' title='bbox 444 1971 569 2034; x_wconf 90' lang='lat' dir='ltr'><strong>eandem</strong></span> <span class='ocrx_word' id='word_1_74' title='bbox 598 1991 663 2031; x_wconf 90' lang='lat' dir='ltr'><strong>rem</strong></span> <span class='ocrx_word' id='word_1_75' title='bbox 688 1973 839 2049; x_wconf 89' lang='lat' dir='ltr'><strong>pertinent</strong></span> <span class='ocrx_word' id='word_1_76' title='bbox 859 1970 960 2030; x_wconf 82' lang='lat' dir='ltr'><strong>autad</strong></span> <span class='ocrx_word' id='word_1_77' title='bbox 978 1971 1139 2029; x_wconf 87' lang='lat' dir='ltr'><strong>diversam.</strong></span> <span class='ocrx_word' id='word_1_78' title='bbox 1160 1970 1264 2031; x_wconf 87' lang='lat' dir='ltr'><strong>Priori</strong></span> <span class='ocrx_word' id='word_1_79' title='bbox 1284 1971 1315 2028; x_wconf 94' lang='lat' dir='ltr'><strong>in</strong></span> <span class='ocrx_word' id='word_1_80' title='bbox 1332 1987 1396 2029; x_wconf 86' lang='lat' dir='ltr'><strong>casu</strong></span> 
     </span>
     <span class='ocr_line' id='line_1_12' title="bbox 200 2071 1450 2154; baseline -0.002 -22"><span class='ocrx_word' id='word_1_81' title='bbox 200 2071 370 2151; x_wconf 80' lang='lat' dir='ltr'><strong>junguntur</strong></span> <span class='ocrx_word' id='word_1_82' title='bbox 383 2076 543 2136; x_wconf 84' lang='lat' dir='ltr'><strong>enunciata</strong></span> <span class='ocrx_word' id='word_1_83' title='bbox 562 2077 671 2154; x_wconf 88' lang='lat' dir='ltr'><strong>partim</strong></span> <span class='ocrx_word' id='word_1_84' title='bbox 691 2077 974 2153; x_wconf 81' lang='lat' dir='ltr'><strong>circumscriptione</strong></span> <span class='ocrx_word' id='word_1_85' title='bbox 992 2075 1122 2150; x_wconf 86' lang='lat' dir='ltr'><strong>plurium</strong></span> <span class='ocrx_word' id='word_1_86' title='bbox 1140 2082 1262 2132; x_wconf 86' lang='lat' dir='ltr'><strong>mutuae</strong></span> <span class='ocrx_word' id='word_1_87' title='bbox 1287 2075 1397 2149; x_wconf 88' lang='lat' dir='ltr'><strong>copuia·</strong></span> <span class='ocrx_word' id='word_1_88' title='bbox 1449 2104 1450 2144; x_wconf 58' lang='lat' dir='ltr'><strong>p</strong></span> 
     </span>
     <span class='ocr_line' id='line_1_13' title="bbox 195 2177 1396 2257; baseline -0.002 -21"><span class='ocrx_word' id='word_1_89' title='bbox 195 2177 272 2236; x_wconf 92' lang='lat' dir='ltr'><strong>tioni</strong></span> <span class='ocrx_word' id='word_1_90' title='bbox 293 2178 469 2238; x_wconf 83' lang='lat' dir='ltr'><strong>efficientiae</strong></span> <span class='ocrx_word' id='word_1_91' title='bbox 495 2178 670 2239; x_wconf 79' lang='lat' dir='ltr'><strong>idonearum</strong></span> <span class='ocrx_word' id='word_1_92' title='bbox 692 2177 823 2257; x_wconf 90' lang='lat' dir='ltr'><strong>partium</strong></span> <span class='ocrx_word' id='word_1_93' title='bbox 847 2179 1132 2246; x_wconf 76' lang='lat' dir='ltr'><strong>constitutivarum,</strong></span> <span class='ocrx_word' id='word_1_94' title='bbox 1167 2179 1279 2255; x_wconf 88' lang='lat' dir='ltr'><strong>partim</strong></span> <span class='ocrx_word' id='word_1_95' title='bbox 1297 2195 1396 2237; x_wconf 85' lang='lat' dir='ltr'><strong>eonne-</strong></span> 
     </span>
     <span class='ocr_line' id='line_1_14' title="bbox 195 2281 1361 2360; baseline 0 -21"><span class='ocrx_word' id='word_1_96' title='bbox 195 2281 288 2341; x_wconf 78' lang='lat' dir='ltr'><strong>xioue</strong></span> <span class='ocrx_word' id='word_1_97' title='bbox 302 2283 433 2360; x_wconf 90' lang='lat' dir='ltr'><strong>plurium</strong></span> <span class='ocrx_word' id='word_1_98' title='bbox 449 2285 668 2342; x_wconf 88' lang='lat' dir='ltr'><strong>sententiarum</strong></span> <span class='ocrx_word' id='word_1_99' title='bbox 683 2283 900 2360; x_wconf 84' lang='lat' dir='ltr'><strong>completarum</strong></span> <span class='ocrx_word' id='word_1_100' title='bbox 917 2282 954 2342; x_wconf 82' lang='lat' dir='ltr'><strong>atl</strong></span> <span class='ocrx_word' id='word_1_101' title='bbox 975 2300 1009 2340; x_wconf 92' lang='lat' dir='ltr'><strong>se</strong></span> <span class='ocrx_word' id='word_1_102' title='bbox 1033 2282 1164 2340; x_wconf 83' lang='lat' dir='ltr'><strong>invicem</strong></span> <span class='ocrx_word' id='word_1_103' title='bbox 1185 2283 1361 2341; x_wconf 85' lang='lat' dir='ltr'><strong>relatarum.</strong></span> 
     </span>
    </p>

    <p class='ocr_par' dir='ltr' id='par_1_5' title="bbox 168 2385 1393 2671">
     <span class='ocr_line' id='line_1_15' title="bbox 296 2385 1393 2464; baseline 0 -22"><span class='ocrx_word' id='word_1_104' title='bbox 296 2385 441 2446; x_wconf 82' lang='lat' dir='ltr'><strong>Brevitas</strong></span> <span class='ocrx_word' id='word_1_105' title='bbox 463 2395 494 2446; x_wconf 87' lang='lat' dir='ltr'><strong>et</strong></span> <span class='ocrx_word' id='word_1_106' title='bbox 515 2387 703 2446; x_wconf 85' lang='lat' dir='ltr'><strong>concinnitas</strong></span> <span class='ocrx_word' id='word_1_107' title='bbox 721 2387 930 2464; x_wconf 80' lang='lat' dir='ltr'><strong>expressionis</strong></span> <span class='ocrx_word' id='word_1_108' title='bbox 953 2387 1123 2464; x_wconf 84' lang='lat' dir='ltr'><strong>postulant,</strong></span> <span class='ocrx_word' id='word_1_109' title='bbox 1145 2386 1226 2444; x_wconf 92' lang='lat' dir='ltr'><strong>utin</strong></span> <span class='ocrx_word' id='word_1_110' title='bbox 1248 2386 1280 2445; x_wconf 86' lang='lat' dir='ltr'><strong>id</strong></span> <span class='ocrx_word' id='word_1_111' title='bbox 1305 2403 1393 2464; x_wconf 83' lang='lat' dir='ltr'><strong>genus</strong></span> 
     </span>
     <span class='ocr_line' id='line_1_16' title="bbox 168 2487 1391 2570; baseline -0.002 -22"><span class='ocrx_word' id='word_1_112' title='bbox 168 2555 170 2564; x_wconf 26' lang='grc' dir='ltr'>Ι</span> <span class='ocrx_word' id='word_1_113' title='bbox 195 2487 433 2570; x_wconf 87' lang='lat' dir='ltr'><strong>connexionibus</strong></span> <span class='ocrx_word' id='word_1_114' title='bbox 457 2499 560 2567; x_wconf 87' lang='lat' dir='ltr'><strong>partes</strong></span> <span class='ocrx_word' id='word_1_115' title='bbox 582 2491 771 2568; x_wconf 82' lang='lat' dir='ltr'><strong>integrantes</strong></span> <span class='ocrx_word' id='word_1_116' title='bbox 796 2488 934 2567; x_wconf 87' lang='lat' dir='ltr'><strong>pluribus</strong></span> <span class='ocrx_word' id='word_1_117' title='bbox 959 2489 1119 2548; x_wconf 85' lang='lat' dir='ltr'><strong>sententiis</strong></span> <span class='ocrx_word' id='word_1_118' title='bbox 1140 2506 1319 2550; x_wconf 91' lang='lat' dir='ltr'><strong>communes</strong></span> <span class='ocrx_word' id='word_1_119' title='bbox 1342 2508 1391 2548; x_wconf 91' lang='lat' dir='ltr'><strong>non</strong></span> 
     </span>
     <span class='ocr_line' id='line_1_17' title="bbox 195 2600 491 2671; baseline 0.014 -22"><span class='ocrx_word' id='word_1_120' title='bbox 195 2600 381 2667; x_wconf 84' lang='lat' dir='ltr'><strong>repetantur,</strong></span> <span class='ocrx_word' id='word_1_121' title='bbox 404 2612 431 2652; x_wconf 88' lang='lat' dir='ltr'><strong>e.</strong></span> <span class='ocrx_word' id='word_1_122' title='bbox 453 2613 491 2671; x_wconf 83' lang='lat' dir='ltr'><strong>g.-</strong></span> 
     </span>
    </p>
   </div>
   <div class='ocr_carea' id='block_1_5' title="bbox 148 2697 1393 3520">
    <p class='ocr_par' dir='ltr' id='par_1_6' title="bbox 204 2697 1390 2987">
     <span class='ocr_line' id='line_1_18' title="bbox 204 2697 1390 2796; baseline 0.001 -21"><span class='ocrx_word' id='word_1_123' title='bbox 204 2713 338 2776; x_wconf 84' lang='lat' dir='ltr'><strong>Vateriu</strong></span> <span class='ocrx_word' id='word_1_124' title='bbox 360 2719 484 2777; x_wconf 81' lang='lat' dir='ltr'><strong>scrisse</strong></span> <span class='ocrx_word' id='word_1_125' title='bbox 511 2717 677 2778; x_wconf 83' lang='lat' dir='ltr'><strong>istorio&#39;tc</strong></span> <span class='ocrx_word' id='word_1_126' title='bbox 696 2715 783 2796; x_wconf 77' lang='lat' dir='ltr'><strong>Spa·</strong></span> <span class='ocrx_word' id='word_1_127' title='bbox 804 2718 950 2778; x_wconf 85' lang='lat' dir='ltr'><strong>Valerius</strong></span> <span class='ocrx_word' id='word_1_128' title='bbox 977 2697 1102 2793; x_wconf 85' lang='lat' dir='ltr'><strong>scripsit</strong></span> <span class='ocrx_word' id='word_1_129' title='bbox 1117 2717 1281 2777; x_wconf 88' lang='lat' dir='ltr'><strong>historiam</strong></span> <span class='ocrx_word' id='word_1_130' title='bbox 1294 2717 1390 2796; x_wconf 84' lang='lat' dir='ltr'><strong>Hispa·</strong></span> 
     </span>
     <span class='ocr_line' id='line_1_19' title="bbox 237 2819 1349 2897; baseline 0.007 -19"><span class='ocrx_word' id='word_1_131' title='bbox 237 2819 367 2897; x_wconf 75' lang='lat' dir='ltr'><strong>nitore,</strong></span> <span class='ocrx_word' id='word_1_132' title='bbox 394 2819 515 2880; x_wconf 84' lang='lat' dir='ltr'><strong>Marcu</strong></span> <span class='ocrx_word' id='word_1_133' title='bbox 547 2820 613 2882; x_wconf 85' lang='lat' dir='ltr'><strong>ella</strong></span> <span class='ocrx_word' id='word_1_134' title='bbox 639 2821 778 2882; x_wconf 77' lang='lat' dir='ltr'><strong>Romans</strong></span> <span class='ocrx_word' id='word_1_135' title='bbox 841 2841 969 2891; x_wconf 89' lang='lat' dir='ltr'><strong>norum,</strong></span> <span class='ocrx_word' id='word_1_136' title='bbox 991 2821 1117 2882; x_wconf 81' lang='lat' dir='ltr'><strong>Marcus</strong></span> <span class='ocrx_word' id='word_1_137' title='bbox 1133 2823 1349 2887; x_wconf 82' lang='lat' dir='ltr'><strong>Romanorum.</strong></span> 
     </span>
     <span class='ocr_line' id='line_1_20' title="bbox 236 2921 360 2987; baseline -0.024 -4"><span class='ocrx_word' id='word_1_138' title='bbox 236 2921 332 2987; x_wconf 75' lang='lat' dir='ltr'><strong>&#39;torm</strong></span> <span class='ocrx_word' id='word_1_139' title='bbox 358 2975 360 2980; x_wconf 81' lang='grc'>,</span> 
     </span>
    </p>

    <p class='ocr_par' dir='ltr' id='par_1_7' title="bbox 195 3024 1391 3210">
     <span class='ocr_line' id='line_1_21' title="bbox 195 3024 1391 3107; baseline 0 -20"><span class='ocrx_word' id='word_1_140' title='bbox 195 3024 261 3088; x_wconf 88' lang='lat' dir='ltr'><strong>Noi</strong></span> <span class='ocrx_word' id='word_1_141' title='bbox 280 3045 452 3088; x_wconf 73' lang='lat' dir='ltr'><strong>mancam</strong></span> <span class='ocrx_word' id='word_1_142' title='bbox 466 3046 576 3098; x_wconf 82' lang='lat' dir='ltr'><strong>corne,</strong></span> <span class='ocrx_word' id='word_1_143' title='bbox 597 3031 649 3092; x_wconf 83' lang='lat' dir='ltr'><strong>voi</strong></span> <span class='ocrx_word' id='word_1_144' title='bbox 664 3031 757 3090; x_wconf 78' lang='lat' dir='ltr'><strong>caetu</strong></span> <span class='ocrx_word' id='word_1_145' title='bbox 766 3069 778 3107; x_wconf 87' lang='lat'><em>,</em></span> <span class='ocrx_word' id='word_1_146' title='bbox 799 3031 864 3094; x_wconf 84' lang='lat' dir='ltr'><strong>Nos</strong></span> <span class='ocrx_word' id='word_1_147' title='bbox 885 3028 1099 3090; x_wconf 71' lang='lat' dir='ltr'><strong>murmuramus</strong></span> <span class='ocrx_word' id='word_1_148' title='bbox 1122 3047 1259 3100; x_wconf 87' lang='lat' dir='ltr'><strong>caruem,</strong></span> <span class='ocrx_word' id='word_1_149' title='bbox 1283 3049 1339 3090; x_wconf 85' lang='lat' dir='ltr'><strong>vos</strong></span> <span class='ocrx_word' id='word_1_150' title='bbox 1353 3045 1391 3087; x_wconf 82' lang='lat' dir='ltr'><strong>aa·</strong></span> 
     </span>
     <span class='ocr_line' id='line_1_22' title="bbox 238 3129 1301 3210; baseline 0.007 -20"><span class='ocrx_word' id='word_1_151' title='bbox 238 3129 380 3190; x_wconf 80' lang='lat' dir='ltr'><strong>vicini’ti</strong></span> <span class='ocrx_word' id='word_1_152' title='bbox 400 3134 504 3190; x_wconf 81' lang='lat' dir='ltr'><strong>nostri</strong></span> <span class='ocrx_word' id='word_1_153' title='bbox 521 3151 625 3210; x_wconf 73' lang='lat' dir='ltr'><strong>ponne.</strong></span> <span class='ocrx_word' id='word_1_154' title='bbox 840 3151 944 3202; x_wconf 80' lang='lat' dir='ltr'><strong>scum,</strong></span> <span class='ocrx_word' id='word_1_155' title='bbox 965 3133 1059 3192; x_wconf 84' lang='lat' dir='ltr'><strong>vieini</strong></span> <span class='ocrx_word' id='word_1_156' title='bbox 1079 3135 1178 3204; x_wconf 83' lang='lat' dir='ltr'><strong>nostri</strong></span> <span class='ocrx_word' id='word_1_157' title='bbox 1199 3151 1301 3210; x_wconf 84' lang='lat' dir='ltr'><strong>poma.</strong></span> 
     </span>
    </p>

    <p class='ocr_par' dir='ltr' id='par_1_8' title="bbox 148 3217 1393 3428">
     <span class='ocr_line' id='line_1_23' title="bbox 148 3217 1393 3298; baseline -0.002 -2"><span class='ocrx_word' id='word_1_158' title='bbox 148 3275 152 3284; x_wconf 51' lang='grc' dir='ltr'><em>ι</em></span> <span class='ocrx_word' id='word_1_159' title='bbox 198 3231 296 3296; x_wconf 76' lang='lat' dir='ltr'><strong>Fran</strong></span> <span class='ocrx_word' id='word_1_160' title='bbox 329 3235 392 3294; x_wconf 88' lang='lat' dir='ltr'><strong>mci</strong></span> <span class='ocrx_word' id='word_1_161' title='bbox 419 3237 537 3294; x_wconf 79' lang='lat' dir='ltr'><strong>inverte</strong></span> <span class='ocrx_word' id='word_1_162' title='bbox 572 3235 779 3298; x_wconf 75' lang='lat' dir='ltr'><strong>Motctnatico</strong></span> <span class='ocrx_word' id='word_1_163' title='bbox 799 3241 926 3297; x_wconf 76' lang='lat' dir='ltr'><strong>Fratres</strong></span> <span class='ocrx_word' id='word_1_164' title='bbox 946 3239 1006 3298; x_wconf 88' lang='lat' dir='ltr'><strong>mei</strong></span> <span class='ocrx_word' id='word_1_165' title='bbox 1029 3217 1149 3298; x_wconf 85' lang='lat' dir='ltr'><strong>discunt</strong></span> <span class='ocrx_word' id='word_1_166' title='bbox 1168 3237 1336 3298; x_wconf 83' lang='lat' dir='ltr'><strong>Mathesim</strong></span> <span class='ocrx_word' id='word_1_167' title='bbox 1356 3235 1393 3294; x_wconf 90' lang='lat' dir='ltr'><strong>tui</strong></span> 
     </span>
     <span class='ocr_line' id='line_1_24' title="bbox 238 3327 1032 3428; baseline 0.013 -32"><span class='ocrx_word' id='word_1_168' title='bbox 238 3337 295 3397; x_wconf 83' lang='lat' dir='ltr'><strong>etti</strong></span> <span class='ocrx_word' id='word_1_169' title='bbox 315 3339 359 3398; x_wconf 84' lang='lat' dir='ltr'><strong>tei</strong></span> <span class='ocrx_word' id='word_1_170' title='bbox 377 3335 553 3404; x_wconf 84' lang='lat' dir='ltr'><strong>Medicina.</strong></span> <span class='ocrx_word' id='word_1_171' title='bbox 587 3327 590 3336; x_wconf 75' lang='grc'><strong>’</strong></span> <span class='ocrx_word' id='word_1_172' title='bbox 737 3395 740 3428; x_wconf 56' lang='grc'>1</span> <span class='ocrx_word' id='word_1_173' title='bbox 806 3340 1032 3406; x_wconf 72' lang='lat' dir='ltr'><strong>&#39;Medicinam</strong></span> 
     </span>
    </p>

    <p class='ocr_par' dir='ltr' id='par_1_9' title="bbox 196 3440 1178 3520">
     <span class='ocr_line' id='line_1_25' title="bbox 196 3440 1178 3520; baseline 0.002 -16"><span class='ocrx_word' id='word_1_174' title='bbox 196 3440 285 3504; x_wconf 78' lang='lat' dir='ltr'><strong>Mite</strong></span> <span class='ocrx_word' id='word_1_175' title='bbox 305 3443 349 3501; x_wconf 81' lang='lat' dir='ltr'><strong>sni</strong></span> <span class='ocrx_word' id='word_1_176' title='bbox 366 3441 471 3520; x_wconf 79' lang='lat' dir='ltr'><strong>ploce,</strong></span> <span class='ocrx_word' id='word_1_177' title='bbox 492 3441 555 3502; x_wconf 71' lang='lat' dir='ltr'><strong>tite</strong></span> <span class='ocrx_word' id='word_1_178' title='bbox 575 3461 632 3518; x_wconf 60' lang='lat' dir='ltr'><strong>nu,</strong></span> <span class='ocrx_word' id='word_1_179' title='bbox 798 3444 875 3504; x_wconf 86' lang='lat' dir='ltr'><strong>Mihi</strong></span> <span class='ocrx_word' id='word_1_180' title='bbox 897 3446 1010 3520; x_wconf 89' lang='lat' dir='ltr'><strong>placet,</strong></span> <span class='ocrx_word' id='word_1_181' title='bbox 1031 3445 1086 3516; x_wconf 89' lang='lat' dir='ltr'><strong>tibi</strong></span> <span class='ocrx_word' id='word_1_182' title='bbox 1108 3463 1178 3510; x_wconf 84' lang='lat' dir='ltr'><strong>non.</strong></span> 
     </span>
    </p>
   </div>
   <div class='ocr_carea' id='block_1_6' title="bbox 128 3591 1396 4406">
    <p class='ocr_par' dir='ltr' id='par_1_10' title="bbox 128 3591 1396 4406">
     <span class='ocr_line' id='line_1_26' title="bbox 238 3591 1395 3676; baseline 0.003 -26"><span class='ocrx_word' id='word_1_183' title='bbox 238 3591 284 3656; x_wconf 86' lang='grc' dir='ltr'><strong>ΙΙ.</strong></span> <span class='ocrx_word' id='word_1_184' title='bbox 315 3592 490 3653; x_wconf 80' lang='lat' dir='ltr'><strong>Sententiae</strong></span> <span class='ocrx_word' id='word_1_185' title='bbox 512 3595 548 3653; x_wconf 89' lang='lat' dir='ltr'><strong>ad</strong></span> <span class='ocrx_word' id='word_1_186' title='bbox 570 3613 635 3655; x_wconf 89' lang='lat' dir='ltr'><strong>rem</strong></span> <span class='ocrx_word' id='word_1_187' title='bbox 659 3597 813 3656; x_wconf 80' lang='lat' dir='ltr'><strong>diversam</strong></span> <span class='ocrx_word' id='word_1_188' title='bbox 836 3596 1042 3672; x_wconf 81' lang='lat' dir='ltr'><strong>pertinentes,</strong></span> <span class='ocrx_word' id='word_1_189' title='bbox 1062 3597 1142 3654; x_wconf 88' lang='lat' dir='ltr'><strong>inter</strong></span> <span class='ocrx_word' id='word_1_190' title='bbox 1155 3593 1348 3676; x_wconf 81' lang='lat' dir='ltr'><strong>sejunctae,</strong></span> <span class='ocrx_word' id='word_1_191' title='bbox 1368 3615 1395 3654; x_wconf 88' lang='lat' dir='ltr'><strong>a·</strong></span> 
     </span>
     <span class='ocr_line' id='line_1_27' title="bbox 197 3679 1396 3782; baseline 0.003 -28"><span class='ocrx_word' id='word_1_192' title='bbox 197 3696 288 3782; x_wconf 17' lang='lat' dir='ltr'><strong>beu-nt</strong></span> <span class='ocrx_word' id='word_1_193' title='bbox 308 3696 339 3754; x_wconf 92' lang='lat' dir='ltr'><strong>in</strong></span> <span class='ocrx_word' id='word_1_194' title='bbox 358 3698 534 3781; x_wconf 76' lang='lat' dir='ltr'><strong>primarius</strong></span> <span class='ocrx_word' id='word_1_195' title='bbox 556 3707 586 3756; x_wconf 90' lang='lat' dir='ltr'><strong>et</strong></span> <span class='ocrx_word' id='word_1_196' title='bbox 606 3699 841 3768; x_wconf 58' lang='lat' dir='ltr'><strong>secundariam</strong></span> <span class='ocrx_word' id='word_1_197' title='bbox 863 3679 933 3758; x_wconf 87' lang='lat' dir='ltr'><strong>illae</strong></span> <span class='ocrx_word' id='word_1_198' title='bbox 954 3707 1060 3775; x_wconf 90' lang='lat' dir='ltr'><strong>suapte</strong></span> <span class='ocrx_word' id='word_1_199' title='bbox 1077 3697 1223 3772; x_wconf 86' lang='lat' dir='ltr'><strong>judicium</strong></span> <span class='ocrx_word' id='word_1_200' title='bbox 1245 3701 1396 3778; x_wconf 84' lang='lat' dir='ltr'><strong>integrum</strong></span> 
     </span>
     <span class='ocr_line' id='line_1_28' title="bbox 196 3787 1396 3880; baseline 0.002 -20"><span class='ocrx_word' id='word_1_201' title='bbox 196 3800 385 3878; x_wconf 85' lang='lat' dir='ltr'><strong>exprimunt,</strong></span> <span class='ocrx_word' id='word_1_202' title='bbox 407 3800 463 3860; x_wconf 85' lang='lat' dir='ltr'><strong>hae</strong></span> <span class='ocrx_word' id='word_1_203' title='bbox 478 3819 552 3860; x_wconf 87' lang='lat' dir='ltr'><strong>vero</strong></span> <span class='ocrx_word' id='word_1_204' title='bbox 570 3811 686 3878; x_wconf 89' lang='lat' dir='ltr'><strong>partem</strong></span> <span class='ocrx_word' id='word_1_205' title='bbox 702 3803 832 3880; x_wconf 74' lang='lat' dir='ltr'><strong>siliquam</strong></span> <span class='ocrx_word' id='word_1_206' title='bbox 851 3801 1076 3860; x_wconf 86' lang='lat' dir='ltr'><strong>constitutivam</strong></span> <span class='ocrx_word' id='word_1_207' title='bbox 1096 3787 1312 3880; x_wconf 81' lang='lat' dir='ltr'><strong>primariorum</strong></span> <span class='ocrx_word' id='word_1_208' title='bbox 1333 3823 1396 3862; x_wconf 88' lang='lat' dir='ltr'><strong>sen·</strong></span> 
     </span>
     <span class='ocr_line' id='line_1_29' title="bbox 197 3901 1395 3986; baseline 0.002 -24"><span class='ocrx_word' id='word_1_209' title='bbox 197 3904 359 3983; x_wconf 86' lang='lat' dir='ltr'><strong>tentiarnm</strong></span> <span class='ocrx_word' id='word_1_210' title='bbox 383 3904 665 3979; x_wconf 80' lang='lat' dir='ltr'><strong>circumscribunt,&#39;</strong></span> <span class='ocrx_word' id='word_1_211' title='bbox 683 3911 714 3963; x_wconf 89' lang='lat' dir='ltr'><strong>et</strong></span> <span class='ocrx_word' id='word_1_212' title='bbox 749 3909 806 3982; x_wconf 87' lang='lat' dir='ltr'><strong>ope</strong></span> <span class='ocrx_word' id='word_1_213' title='bbox 829 3905 1072 3965; x_wconf 74' lang='lat' dir='ltr'><strong>constructionis</strong></span> <span class='ocrx_word' id='word_1_214' title='bbox 1096 3923 1164 3964; x_wconf 89' lang='lat' dir='ltr'><strong>cum</strong></span> <span class='ocrx_word' id='word_1_215' title='bbox 1188 3901 1251 3965; x_wconf 83' lang='lat' dir='ltr'><strong>iilis</strong></span> <span class='ocrx_word' id='word_1_216' title='bbox 1265 3905 1395 3986; x_wconf 81' lang='lat' dir='ltr'><strong>jungun-</strong></span> 
     </span>
     <span class='ocr_line' id='line_1_30' title="bbox 195 3999 1394 4093; baseline 0.001 -26"><span class='ocrx_word' id='word_1_217' title='bbox 195 4017 256 4076; x_wconf 89' lang='lat' dir='ltr'><strong>tur,</strong></span> <span class='ocrx_word' id='word_1_218' title='bbox 272 4016 323 4066; x_wconf 84' lang='lat' dir='ltr'><strong>aut</strong></span> <span class='ocrx_word' id='word_1_219' title='bbox 340 4025 444 4066; x_wconf 87' lang='lat' dir='ltr'><strong>earum</strong></span> <span class='ocrx_word' id='word_1_220' title='bbox 462 4007 598 4093; x_wconf 85' lang='lat' dir='ltr'><strong>membra</strong></span> <span class='ocrx_word' id='word_1_221' title='bbox 618 4017 778 4086; x_wconf 63' lang='lat' dir='ltr'><strong>separant,</strong></span> <span class='ocrx_word' id='word_1_222' title='bbox 795 3999 1118 4084; x_wconf 71' lang='lat' dir='ltr'><strong>constructionemque</strong></span> <span class='ocrx_word' id='word_1_223' title='bbox 1129 4017 1299 4088; x_wconf 85' lang='lat' dir='ltr'><strong>respuunt,</strong></span> <span class='ocrx_word' id='word_1_224' title='bbox 1314 4018 1346 4069; x_wconf 88' lang='lat' dir='ltr'><strong>et</strong></span> <span class='ocrx_word' id='word_1_225' title='bbox 1357 4009 1394 4068; x_wconf 90' lang='lat' dir='ltr'><strong>di·</strong></span> 
     </span>
     <span class='ocr_line' id='line_1_31' title="bbox 197 4090 1121 4191; baseline 0.003 -22"><span class='ocrx_word' id='word_1_226' title='bbox 197 4090 305 4170; x_wconf 86' lang='lat' dir='ltr'><strong>cuntur</strong></span> <span class='ocrx_word' id='word_1_227' title='bbox 324 4111 464 4180; x_wconf 76' lang='lat' dir='ltr'><strong>incisae,</strong></span> <span class='ocrx_word' id='word_1_228' title='bbox 486 4129 514 4175; x_wconf 88' lang='lat' dir='ltr'><strong>e.</strong></span> <span class='ocrx_word' id='word_1_229' title='bbox 538 4115 587 4189; x_wconf 54' lang='lat' dir='ltr'><strong>gs</strong></span> <span class='ocrx_word' id='word_1_230' title='bbox 876 4181 881 4191; x_wconf 29' lang='grc' dir='ltr'>Ι</span> <span class='ocrx_word' id='word_1_231' title='bbox 1100 4092 1121 4104; x_wconf 50' lang='grc'>”</span> 
     </span>
     <span class='ocr_line' id='line_1_32' title="bbox 198 4209 1394 4300; baseline 0.003 -28"><span class='ocrx_word' id='word_1_232' title='bbox 198 4209 431 4293; x_wconf 77' lang='lat' dir='ltr'><strong>credentia’lc,</strong></span> <span class='ocrx_word' id='word_1_233' title='bbox 453 4231 519 4294; x_wconf 81' lang='lat' dir='ltr'><strong>quo</strong></span> <span class='ocrx_word' id='word_1_234' title='bbox 534 4213 707 4284; x_wconf 77' lang='lat' dir='ltr'><strong>credentis,</strong></span> <span class='ocrx_word' id='word_1_235' title='bbox 728 4231 776 4276; x_wconf 81' lang='lat' dir='ltr'><strong>nu</strong></span> <span class='ocrx_word' id='word_1_236' title='bbox 797 4215 899 4293; x_wconf 78' lang='lat' dir='ltr'><strong>Fides,</strong></span> <span class='ocrx_word' id='word_1_237' title='bbox 921 4224 954 4274; x_wconf 89' lang='lat' dir='ltr'><strong>ut</strong></span> <span class='ocrx_word' id='word_1_238' title='bbox 966 4213 1052 4284; x_wconf 84' lang='lat' dir='ltr'><strong>fides,</strong></span> <span class='ocrx_word' id='word_1_239' title='bbox 1072 4231 1132 4275; x_wconf 92' lang='lat' dir='ltr'><strong>nou</strong></span> <span class='ocrx_word' id='word_1_240' title='bbox 1147 4217 1290 4300; x_wconf 83' lang='lat' dir='ltr'><strong>potestin</strong></span> <span class='ocrx_word' id='word_1_241' title='bbox 1302 4218 1394 4278; x_wconf 88' lang='lat' dir='ltr'><strong>scien·</strong></span> 
     </span>
     <span class='ocr_line' id='line_1_33' title="bbox 128 4297 1063 4406; baseline 0.012 -34"><span class='ocrx_word' id='word_1_242' title='bbox 128 4400 132 4406; x_wconf 24' lang='grc' dir='ltr'>Ι</span> <span class='ocrx_word' id='word_1_243' title='bbox 160 4355 176 4364; x_wconf 65' lang='lat'><strong>.,</strong></span> <span class='ocrx_word' id='word_1_244' title='bbox 239 4333 275 4373; x_wconf 82' lang='lat' dir='ltr'><strong>oe</strong></span> <span class='ocrx_word' id='word_1_245' title='bbox 295 4318 368 4394; x_wconf 83' lang='lat' dir='ltr'><strong>pote</strong></span> <span class='ocrx_word' id='word_1_246' title='bbox 389 4316 562 4398; x_wconf 80' lang='lat' dir='ltr'><strong>rcdiqumc</strong></span> <span class='ocrx_word' id='word_1_247' title='bbox 576 4304 604 4378; x_wconf 76' lang='lat' dir='ltr'><strong>&#39;u</strong></span> <span class='ocrx_word' id='word_1_248' title='bbox 625 4320 772 4383; x_wconf 76' lang='lat' dir='ltr'><strong>scientia.</strong></span> <span class='ocrx_word' id='word_1_249' title='bbox 843 4297 925 4380; x_wconf 74' lang='lat' dir='ltr'><strong>tisun</strong></span> <span class='ocrx_word' id='word_1_250' title='bbox 938 4303 1063 4385; x_wconf 80' lang='lat' dir='ltr'><strong>elevari.</strong></span> 
     </span>
    </p>
   </div>
   <div class='ocr_carea' id='block_1_7' title="bbox 0 0 1459 4864">
    <p class='ocr_par' dir='ltr' id='par_1_11' title="bbox 0 0 1459 4864">
     <span class='ocr_line' id='line_1_34' title="bbox 0 0 1459 4864; baseline 0 0"><span class='ocrx_word' id='word_1_251' title='bbox 0 0 1459 4864; x_wconf 95' lang='lat' dir='ltr'><strong> </strong></span> 
     </span>
    </p>
   </div>
  </div>
 </body>
</html>
