2930 4860
171 307 235 362 tvl

113 479 121 486 ·
171 450 271 528 ceptis
287 446 486 510 barbarismis
499 464 555 525 per
569 443 786 505 commercium
800 461 869 504 cunr
889 444 1019 523 undique
1034 419 1291 505 circumdantibus
1302 443 1381 504 vici·

124 538 129 548 ¹
171 554 225 616 uis
240 536 429 630 nationibus,
444 552 637 621 introductis,
649 551 702 628 qui
722 569 904 629 quamquam
917 553 948 611 in
962 551 1060 628 ipsam
1073 549 1303 629 grammaticam
1318 551 1382 608 i'or·

175 675 266 727 mam,
287 655 401 716 uallum
416 653 610 714 exercuerint
622 653 782 723 influxum,
796 662 897 713 tamen
911 655 1034 734 linguae
1049 655 1210 732 puritatem
1226 663 1275 714 set
1291 673 1383 732 spur·

171 767 331 821 caverunt.
353 761 393 820 m
405 758 464 818 hoc
480 758 599 838 quidem
612 759 759 836 probatur
774 775 814 816 ex
830 761 983 818 consensu
999 760 1157 838 utriusque
1173 758 1304 828 dialecti,
1321 759 1383 818 eis·

76 916 77 919 ,
174 861 361 924 danubiunae
385 863 505 923 scilicet
527 879 596 922 oum
616 862 890 932 transdauubiuns,
909 881 974 922 ¹seu
987 863 1144 924 Aureliani
1167 879 1236 922 cum
1252 863 1383 922 Traiani

172 967 289 1028 Daciae
303 984 456 1036 sermone,
465 983 593 1043 quarum
605 967 769 1046 regionum
783 965 901 1025 incolae
915 965 986 1025 inde
995 965 1060 1042 jam
1073 967 1109 1026 ab
1126 967 1384 1044 irruptione'l’ur·

173 1087 295 1141 corum,
316 1070 432 1130 nullum
450 1071 547 1128 ierme
562 1070 644 1131 iuter·
658 1087 712 1146 se,
732 1077 785 1128 aut
800 1068 910 1130 saltem
926 1071 1117 1150 cingulorum
1139 1070 1383 1140 indiuiduorum,

171 1175 344 1236 habuerunt
357 1175 583 1242 commercium,
608 1181 640 1232 et
654 1159 754 1233 temen
767 1172 842 1234 adeo
858 1173 1052 1244 conveniunt,
1074 1191 1110 1234 ao
1123 1174 1151 1233 sl
1169 1169 1322 1234 incudem
1336 1175 1383 1233 vi·

135 1333 137 1338 ,
164 1297 246 1344 ¹rere
258 1279 487 1340 continuassent
501 1276 667 1354 republica.
688 1278 771 1348 imo,
793 1277 938 1336 cicadam
950 1277 1131 1338 concludere
1147 1276 1222 1336 licet
1242 1266 1383 1348 ratione,

170 1382 286 1442 Daciae
301 1381 447 1453 borealis,
467 1379 692 1442 Mormorosoc
707 1379 788 1451 dico,
808 1380 866 1441 sub
876 1377 1109 1460 quadragesimo
1124 1390 1233 1441 octavo
1248 1381 1383 1440 latitudi-

170 1485 221 1549 nis
238 1484 464 1566 geographicae
477 1485 587 1564 gradu,
607 1483 726 1546 incolas
746 1474 815 1552 'eum
830 1485 920 1548 Pindi
934 1486 1046 1546 montis
1059 1484 1300 1560 habitatoribus,
1322 1487 1383 1544 sub

171 1590 329 1650 tricesimo
343 1607 423 1649 nono
439 1587 715 1666 gradis-*enormi
728 1589 1010 1667 distantia,centum
1022 1591 1150 1669 triginta
1163 1591 1294 1668 quinque
1313 1590 1383 1648 mil·
1416 1641 1421 1652 .

103 1773 106 1778 Ι
172 1687 331 1754 liariorum
353 1687 650 1772 geographicorum,
678 1695 822 1772 maximis
845 1703 1006 1772 praeterea
1028 1695 1132 1754 fluviis
1153 1703 1184 1753 et
1204 1693 1383 1772 ingentibus

171 1797 325 1858 montibus
337 1795 505 1858 abinvicem
521 1807 693 1874 separatos,
705 1819 748 1843 -ι-
763 1793 968 1870 conserentes,
981 1817 1146 1878 eorumque
1161 1799 1296 1875 linguam
1311 1816 1383 1858 ean·

173 1901 241 1960 dem
259 1899 475 1970 observantes,
496 1901 578 1961 inter
591 1920 669 1980 quos
688 1911 776 1969 certe
795 1903 878 1965 nulla
895 1905 932 1964 ab
946 1903 1105 1964 Aureliani
1122 1901 1311 1979 temporibus
1325 1902 1383 1960 im·

99 2035 108 2107 ι
173 2003 304 2064 mediata
319 2005 496 2066 intercessit
506 2007 754 2068 communicatio:
764 1984 900 2068 statuere
911 2009 1061 2090 cogimur,
1070 2007 1139 2067 inde
1148 2005 1213 2081 jam
1227 2005 1382 2066 a'fraiani

172 2108 361 2186 temporibus
375 2110 489 2192 nullam
505 2111 537 2170 in
560 2111 752 2186 fundamento
769 2113 965 2173 mutationem
982 2130 1109 2189 passum
1121 2129 1192 2171 esse
1206 2109 1315 2174 borum
1329 2127 1384 2186 po·

172 2213 313 2291 pulcrum
327 2231 512 2294 sermonem,
528 2214 643 2276 demtis
656 2220 773 2286 tomen,
788 2217 833 2276 uti
847 2217 989 2294 superius
1003 2209 1146 2286 diximus,
1158 2213 1384 2284 barbarismis,

60 2371 62 2375 ,
125 2393 126 2398 ¹
171 2317 203 2376 in
220 2317 392 2404 quotidiano
413 2335 556 2378 sermone
578 2335 743 2408 occurrere
756 2319 876 2388 solitis;
897 2337 967 2380 nam
983 2317 1093 2379 horum
1113 2327 1256 2396 respectu
1268 2317 1384 2376 discre-

172 2431 255 2502 pant,
272 2429 303 2480 et
313 2439 373 2482 non
389 2419 489 2482 solum
503 2421 718 2482 Aurelianidae
734 2441 752 2482 a
767 2423 942 2484 Traianidls
959 2423 989 2482 in
1004 2439 1130 2500 genere,
1144 2441 1235 2500 quum
1249 2423 1293 2482 illi
1305 2421 1384 2480 mul·

172 2534 221 2584 tos
236 2523 376 2595 habeant,
398 2543 450 2603 qur
441 2525 544 2602 apud
557 2525 638 2585 hos
629 2535 828 2606 ignorantur,
851 2536 881 2586 et
901 2527 970 2586 ricc
991 2531 1102 2603 versa,
1123 2525 1241 2603 hacque
1261 2525 1384 2584 ratione

69 2687 72 2692 ,
172 2625 323 2688 'seriorem
341 2644 428 2686 suam
451 2628 580 2706 prodant
598 2629 773 2708 originem,
804 2637 856 2688 aut
877 2629 1069 2707 adoptionem
1089 2648 1106 2688 a
1127 2629 1252 2688 vicinis:
1272 2645 1385 2687 verum

135 2695 262 2792 1’θιίιιιι
276 2729 391 2810 singuli
400 2731 593 2809 Principatus
615 2733 695 2791 inter
710 2749 745 2792 se
760 2733 922 2812 invicemp
935 2742 984 2792 ast
997 2732 1029 2792 hi
1046 2751 1236 2811 nequaquam
1251 2731 1384 2792 formam

113 2887 115 2900 ,
170 2831 300 2914 tangunt
319 2833 442 2911 linguae
461 2833 737 2906 fundamentalem,
767 2835 823 2896 sed
837 2845 938 2898 certas
953 2845 1069 2896 tantum
1085 2837 1321 2914 expressiones,
1350 2847 1386 2896 et

171 2955 235 2998 uos·
247 2938 297 3000 bic
311 2937 413 3016 illam,
433 2955 493 3026 uon
508 2948 609 3000 autem
625 2938 683 2998 bas
699 2939 863 3000 defendere
876 2956 1041 3011 conamur,
1063 2941 1143 3019 quod
1160 2935 1265 3020 istique
1280 2941 1386 3020 gravi·

171 3042 229 3104 bus
242 3041 292 3101 bis
304 3041 472 3103 rationibus
487 3043 564 3102 satis
578 3042 741 3120 probatur,
759 3045 1008 3124 -suiluleiturque

272 3148 367 3207 Plura
385 3155 487 3207 tamen
514 3141 639 3207 nostris*
652 3147 878 3208 adsertionibus
902 3149 1116 3209 confirmandis
1134 3149 1329 3219 documenta,
1344 3158 1388 3210 et

124 3323 127 3328 ψ
173 3251 219 3312 rei
233 3251 350 3328 plenius
365 3249 568 3327 explorandae
583 3253 720 3312 subsidia
734 3253 1018 3331 suppeditarentur,
1040 3255 1068 3314 si
1084 3255 1206 3314 saeculo
1222 3253 1385 3314 undecimo

172 3357 205 3416 i'n
220 3355 443 3446 expugnatione
457 3353 609 3416 Aehridos
621 3375 677 3434 per
692 3357 1060 3442 Genetautinopolitanos,
1081 3375 1142 3418 non
1156 3359 1258 3418 omnia
1273 3376 1387 3434 sparsa

172 3459 473 3554 luissentiiteraria
464 3469 675 3540 lustramenta,
685 3456 846 3522 ctsaeeulo
863 3461 980 3522 decimo
997 3463 1129 3556 quarto
1119 3481 1150 3522 ιιι
1165 3463 1387 3540 captioue'l'ri·

130 3563 257 3630 novii
273 3581 328 3640 per
341 3564 462 3646 Τιιιοι
479 3565 647 3642 exstirpata
659 3560 792 3631 luissent
805 3564 927 3642 publiea
947 3575 1031 3636 acta,
1053 3575 1085 3624 et
1103 3585 1131 3626 ιι
1122 3560 1287 3626 fanaticis
1307 3575 1386 3626 tem·

173 3649 299 3748 poribus
336 3663 367 3726 in
402 3667 659 3728 ultradanubienis
686 3669 912 3748 Principatibue
937 3669 1024 3729 luror
1042 3670 1209 3748 religiosus
1230 3669 1385 3730 Pbotiano

172 3771 340 3832 'schismate
357 3771 528 3842 excitatus,
550 3782 581 3832 et
593 3773 694 3832 lllarci
706 3771 853 3850 liphesini
868 3773 1002 3833 studiis
992 3792 1023 3833 ιιι
1041 3773 1104 3834 illis
1118 3767 1297 3852 regionibus
1313 3792 1387 3850 pro·

173 3860 320 3954 pagatus,
341 3863 371 3952 ⁴)
400 3885 509 3952 postea
530 3875 729 3937 barbarorum
748 3876 1022 3960 depraedationes,
1051 3887 1166 3939 cuncta.
1183 3877 1386 3938 sustulissent

173 3980 287 4060 prioris
303 3979 370 4040 aevi
386 3989 595 4042 monumenta:
622 3991 672 4042 ast
685 3981 760 4042 haec
788 3980 893 4042 letalia
916 3981 1056 4042 adiuncta
1079 3980 1217 4066 omnibus
1237 3999 1295 4042 uos
1319 3981 1384 4059 pri·

197 4283 199 4287 “
224 4287 251 4352 ι)
271 4289 453 4355 aaronem,
468 4292 619 4350 cesorum
636 4261 807 4387 mazonomo,
827 4295 1109 4352 ruro.111.ca1›.u
1145 4299 1148 4306 ·
