2904 4864
443 295 446 304 Ι
486 325 660 386 Sententiae
681 323 902 390 adversativae.
1127 349 1130 360 ι
1159 357 1163 368 ·
1230 322 1292 390 291

87 540 90 549 .
135 491 173 539 eo
192 495 239 540 nn
258 496 296 538 ee
318 478 433 539 abbata
453 477 492 536 de
519 473 541 536 ὰ
568 475 670 536 donea
731 478 830 553 possit
856 493 915 535 nnn
945 474 1097 535 declinare
1125 475 1162 536 ab
1183 493 1219 536 ea
1239 477 1292 536 ali·

136 582 330 664 noqueunt.
355 599 399 642 ou
431 581 470 642 dc
498 579 673 642 dtreeta’ta
737 579 853 656 qnando
875 579 940 638 sive
954 579 1159 648 addexternm
1176 580 1241 640 sive
1256 579 1293 640 ad

139 705 183 746 ao
203 685 242 746 dc
262 683 438 746 etonon'la.
470 736 473 745 .
738 684 903 744 sinistram.

100 789 220 850 Venibc
246 786 406 868 tempu'lu
435 787 613 862 ntorum,
643 791 675 847 et
693 788 808 850 Veniet
827 795 947 863 tempus
969 765 1095 858 mortis,
1125 787 1292 865 etquidem

137 897 242 974 inquo
255 893 427 968 currendo,
450 911 495 952 ou
515 895 550 950 tu
569 892 675 952 intor-
735 892 901 959 celeriter3
936 900 967 949 et
999 892 1065 951 sive
1094 890 1293 966 retractabis,

138 996 245 1058 &cedi
264 1014 309 1058 ote
325 1000 356 1055 te
373 997 513 1076 properi.
548 1021 549 1035 ¹
674 995 675 1002 ’
732 998 798 1056 sive
821 993 1008 1073 properabis.

138 1214 182 1278 X.
209 1216 383 1275 Sententiae
404 1213 612 1277 adversativae
633 1221 780 1276 vocantur
801 1213 888 1282 illae,
918 1211 995 1290 quae
1016 1182 1138 1284 sibinret
1161 1207 1292 1274 inuicem

97 1329 151 1380 aut
169 1337 225 1396 ope
247 1327 442 1394 conceptuum
464 1319 690 1397 oppositorum,
719 1327 771 1378 aut
801 1335 857 1395 ope
887 1315 1079 1378 refutationis
1100 1317 1294 1378 velobteeu·

100 1424 167 1483 onis
188 1429 376 1499 repugnant,
397 1437 424 1482 e.
446 1439 478 1498 g.

96 1565 197 1630 Multi
234 1565 307 1623 seio
333 1563 456 1640 multe,
488 1581 580 1624 neme
609 1566 911 1626 toto.b1ultisoiunt
938 1565 1048 1634 multa,
1076 1583 1165 1626 nemo
1188 1566 1297 1627 omnia.

99 1665 379 1730 Benevolentt'a'la
393 1685 429 1726 ae
440 1671 513 1746 pote
533 1671 681 1743 etenpcre
701 1669 917 1742 Benevolentia
944 1679 1045 1746 potest
1072 1669 1227 1749 exstingui
1255 1670 1299 1727 in·

141 1776 226 1833 intre
255 1772 463 1848 conemini,
487 1773 568 1848 foro
595 1791 616 1832 a
644 1791 681 1832 se
743 1781 791 1831 ter
819 1773 1080 1851 consanguineos,
1107 1771 1220 1850 absque
1248 1790 1299 1832 ex-

144 1873 681 1952 stenperecomanpinitatc’la,in·
743 1871 904 1935 stinctione
915 1877 1197 1954 consanguinitatis,
1220 1877 1299 1936 inter

148 1983 195 2038 tre
216 1979 311 2039 amici
327 1997 373 2038 no
387 1996 423 2036 se
432 1982 515 2056 pote,
531 1978 613 2054 sora
624 1996 683 2058 pe-
745 1981 861 2049 amieos
879 1979 1074 2058 non,absqne
1089 1981 1215 2040 interitu
1227 1979 1300 2039 anri·

148 2081 265 2142 rire’la
286 2079 506 2148 ansicetia'lei.
743 2083 842 2142 eitiae.

103 2184 161 2246 Nu
174 2187 253 2246 doro
267 2183 683 2264 seponercufaoto'lorel-
703 2187 769 2246 Non
791 2171 872 2246 eninr
894 2188 989 2247 malae
1019 2187 1155 2247 actiones
1176 2185 1301 2262 puniun-

147 2290 196 2366 ie‚
218 2287 272 2370 qui
293 2287 508 2368 entia..,quetla
529 2307 587 2348 ren
604 2291 681 2368 prin
743 2299 804 2367 tur,
828 2291 881 2349 sed
897 2290 1141 2357 malevolentes,
1160 2287 1302 2367 quaillae

126 2393 243 2478 *quate
264 2387 482 2474 annulle-niae
497 2394 621 2469 fecero.
745 2395 844 2454 iactae
866 2403 946 2455 sunt.

104 2493 163 2556 Nu
181 2495 286 2555 scribe
299 2493 543 2576 osperientio'lo
556 2495 620 2574 lepi
632 2497 684 2556 in·
703 2499 769 2556 Non
793 2498 980 2574 experientia
1008 2497 1191 2574 praeseribit
1215 2495 1302 2574 leges

148 2597 389 2660 tellectione'lei
409 2618 545 2670 emona,
568 2598 620 2680 qni
633 2602 686 2659 in·
747 2601 916 2660 intellectui
934 2600 1063 2659 humano
1072 2641 1085 2678 ,
1106 2600 1161 2661 sed
1188 2597 1303 2659 intelle·

147 2699 377 2765 tellectione'la
398 2703 661 2784 coperiantio’let'.
744 2715 812 2764 otus
835 2705 1050 2779 experientiae.

107 2823 218 2899 Quellae'
238 2829 293 2906 qni
314 2845 388 2888 orno
403 2829 687 2906 vestimentopom-
708 2827 766 2904 Qui
794 2847 941 2907 pomposa
971 2835 1072 2888 amant
1105 2825 1303 2904 vestimenta,

145 2946 225 3008 pose
252 2947 290 3014 ee
310 2932 395 3008 facet
424 2931 463 2990 dc
483 2933 555 2992 risu
575 2932 685 2991 inarato
745 2933 892 2994 ridiculos
921 2950 955 2990 se
976 2925 1091 2990 iaciunt
1118 2947 1221 2989 coram
1243 2946 1305 2987 orn·

147 3031 193 3109 'la
214 3035 329 3110 totoru,
351 3033 441 3114 quali
460 3036 534 3094 soiu
555 3051 616 3114 quo
637 3053 684 3094 nu
746 3037 834 3096 nibus
857 3037 937 3103 illis,
967 3033 1018 3111 qui
1047 3033 1148 3092 sciunt
1174 3050 1233 3092 uon
1254 3049 1304 3089 ve·

149 3134 391 3196 vestimentu’lu
406 3138 487 3214 sace
512 3153 573 3216 pre
593 3155 683 3213 omu,
746 3147 811 3200 stes
832 3139 935 3198 iacere
956 3138 1074 3213 virum,
1104 3134 1159 3194 sed
1186 3132 1305 3207 contri,

149 3236 203 3316 qui
224 3237 354 3298 omu'lu
371 3256 432 3316 pro
452 3239 648 3300 vestimentu.
688 3223 692 3231 ¹
746 3242 846 3298 virum
867 3243 969 3300 iacere
988 3245 1104 3299 vestes.

103 3359 163 3421 No
175 3361 286 3419 oomni
305 3359 499 3438 desuprn'lo
516 3364 687 3439 pauimen-
705 3363 772 3421 Non
793 3381 867 3421 vero
890 3381 983 3439 supra
996 3371 1122 3430 terram,
1144 3357 1198 3448 sed
1215 3360 1305 3419 etiam

149 3461 267 3538 tn’tot,
297 3459 351 3542 qui
372 3467 405 3520 et
429 3465 465 3522 in
490 3465 692 3525 intenebrice'
746 3466 776 3523 in
799 3466 914 3527 intimis
936 3467 1002 3526 eius
1030 3465 1183 3538 tenebris,
1213 3463 1306 3540 pluri·

148 3563 192 3651 'lp
222 3565 270 3624 tut
297 3560 403 3644 puelle
433 3567 497 3625 mai
524 3548 684 3628 &inierim
747 3584 866 3628 marum
886 3587 991 3629 rerum
1012 3568 1086 3628 latet
1106 3567 1233 3630 utilitas.

149 3684 169 3725 e
189 3684 329 3728 ascensa
350 3665 485 3726 utilitate
498 3665 541 3728 'la
561 3671 688 3750 quella·
1026 3682 1027 3686 ’

149 3787 195 3829 roc
212 3773 277 3831 mai
298 3769 396 3830 molto
416 3769 547 3831 lucrari

104 3871 358 3952 Peripatetioi'li
384 3873 495 3934 diceba
522 3893 585 3954 quo
608 3893 686 3954 pcr-
708 3877 902 3956 Peripatetici
916 3873 1161 3955 perturbationes
1175 3891 1307 3935 nonmu-

148 3975 370 4038 turbotioni’lc
383 3997 430 4038 nu
447 3997 489 4038 aaa
503 3979 614 4038 numni
626 3997 689 4038 no·
750 3982 787 4041 do
810 3981 964 4041 naturales
986 3997 1057 4039 csse
1078 3977 1231 4055 dicebant,
1254 3979 1308 4038 sed

149 4079 261 4151 turcii,
283 4098 358 4140 cero
379 4085 412 4142 et
430 4099 529 4160 supro
550 4081 687 4144 utilitate
749 4085 855 4158 stiam,
872 4085 1035 4148 utilitero
1071 4090 1177 4142 natura
1221 4081 1309 4142 nobis

151 4183 190 4242 de
210 4177 238 4243 ὰΙ
251 4188 372 4247 nature
392 4185 564 4249 nobedotc.
749 4187 844 4250 datas.

1036 4280 1108 4354 tc*
