2930 4860
1207 354 1242 409 ut

93 485 200 560 paraturis
212 485 352 566 regimen,
374 503 429 564 per
448 483 571 546 eusdem
594 481 744 563 turbatae,
766 495 815 546 ast
831 503 910 547 nuuc
924 489 1041 549 strenui
1055 490 1188 575 Augusti
1201 493 1243 552 ia·
1285 567 1289 579 x

91 586 140 646 bore
152 597 176 648 et
189 588 273 650 diuini
282 591 422 650 Numinis
442 591 566 668 tasone,
587 607 647 650 non
664 599 780 650 tautum
798 592 919 668 penitus
942 591 979 651 ab
999 595 1136 655 externis
1158 603 1242 658 tutae

91 689 184 751 redditae
198 691 338 764 hostibus,
345 713 453 754 verum
467 695 557 756 etiam
565 693 602 754 ab
610 695 744 754 internis
750 695 880 760 uerbum
890 697 1107 763 consuetudine
1120 699 1242 760 barbari

93 793 134 850 aeni
144 795 248 854 sancitis
262 815 380 856 omnem
395 796 613 858 humanitatem
626 795 807 870 tollentibus·
823 801 1170 881 omnemqaedculturam
1187 805 1242 864 im·
1285 871 1288 878 Ι

96 895 229 969 pedientibus
247 900 496 977 oppressionibus
512 901 680 971 liberatae,
702 901 921 980 humanaque
906 921 979 977 pura
1000 907 1159 978 restituta,
1181 909 1244 970 cul·

96 1005 134 1057 tura
144 1001 292 1065 introducta
308 1014 339 1065 et
354 1004 392 1064 ad
405 1003 498 1064 altum
514 1014 654 1082 promota
674 1005 813 1088 gradum.
836 1004 1055 1088 Transalpinae
1073 1030 1149 1072 vero
1174 1031 1243 1090 pro·

94 1103 169 1164 vinciae
181 1125 268 1186 nsque
281 1107 319 1167 ad
334 1117 472 1168 nostram
485 1107 542 1167 sub
558 1109 663 1168 eodem
677 1109 714 1168 de
733 1087 808 1184 die·
798 1129 830 1168 ιιι
846 1111 926 1170 diem
942 1115 1082 1191 graviori
1095 1113 1172 1194 jugo
1189 1136 1245 1196 ge·
1258 1113 1261 1120 ⁴

93 1221 258 1270 nerecoactae
270 1213 394 1277 fuerunt
411 1221 551 1282 aetatem,
566 1222 597 1272 et
611 1215 664 1272 vix
680 1215 801 1274 tandem
819 1215 924 1294 elapso
936 1214 1092 1306 decennio,
1107 1237 1166 1278 non
1182 1229 1244 1278 ῑιιιι

94 1321 189 1372 excutere
206 1334 291 1392 quam
312 1315 462 1386 adlevare,
490 1302 687 1376 arbitrariam
706 1320 889 1378 sufferentes
905 1297 1116 1396 tyrannidem,
1144 1322 1246 1384 value-

95 1424 150 1483 rnnt;
171 1413 399 1479 Gisdanubiauae
421 1429 522 1520 autepn
545 1419 661 1478 nostris
686 1418 783 1480 adhuc
805 1422 911 1481 eodem
926 1434 1105 1500 premuntur·
1120 1425 1246 1502 diebus,
1287 1473 1289 1480 .

96 1515 141 1576 iicet
151 1521 335 1586 dominatores
351 1543 411 1586 non
427 1533 489 1586 tam
506 1522 692 1583 humanitate
708 1517 823 1602 adacti,
856 1544 945 1604 quam
961 1517 1113 1588 debilitate
1127 1532 1246 1602 coacti,

100 1621 203 1694 pristinum
222 1629 416 1708 deposuerint
440 1628 615 1698 feritatem,
643 1613 680 1688 et¹
693 1627 772 1688 haud
798 1647 894 1706 pauca
912 1629 1073 1692 laudabilia
1090 1634 1248 1708 instituta,

97 1741 201 1790 tunnune
216 1733 337 1794 humani
350 1734 475 1814 generis
490 1729 543 1806 jus
559 1717 774 1810 respicientia,
796 1733 1060 1813 universalemque
1075 1735 1248 1795 libertatem

93 1839 248 1912 protegentia,
269 1839 465 1904 introducere
480 1837 657 1932 coeperint,
680 1857 756 1916 quae
785 1849 902 1900 certum
926 1857 1031 1900 secum
1053 1839 1154 1898 ierunt
1173 1839 1249 1898 indi·

94 1932 154 2005 edun,
176 1949 303 2020 tempora
324 1943 422 2004 omnis
438 1939 622 2002 barbariei
609 1959 673 2016 pam
690 1943 720 2002 in
737 1953 916 2023 perpetuum
933 1943 1140 2022 praeter-lapsa
1157 1961 1249 2014 esse,

93 2044 111 2094 tt
130 2039 242 2124 deinceps
270 2048 333 2107 uisi
360 2047 506 2126 uirtutum
524 2055 556 2108 et
579 2047 775 2110 scientiarum
811 2049 912 2110 studio
939 2048 1033 2110 uitam
1057 2045 1124 2130 iore
1142 2063 1248 2108 conse·
1364 2043 1368 2052 “

93 2143 197 2212 orandam.
269 2140 274 2150 ’

154 2455 203 2520 Ηίι
221 2455 324 2542 itaque
340 2462 377 2524 ad
400 2463 542 2544 deinceps
557 2465 717 2544 sequentia
739 2461 800 2522 rite
815 2458 1061 2541 intelligendum,
1089 2469 1121 2522 et
1140 2458 1177 2520 ad
1201 2477 1250 2520 re·

88 2563 141 2617 idum
153 2563 182 2622 de
196 2567 238 2626 eis
246 2567 396 2643 judicium
410 2570 569 2629 ferendum
587 2570 722 2630 breviter
737 2566 868 2644 attactis,
889 2555 1051 2635 nationem,
1072 2563 1108 2624 de
1125 2583 1184 2650 qua
1196 2583 1249 2624 no·

86 2657 115 2718 bis
129 2683 212 2729 sermo
231 2682 301 2742 est,
323 2674 552 2734 consideremus
571 2674 680 2751 ipsam.
701 2671 788 2732 Haec
809 2689 828 2730 a
848 2671 973 2730 Traiani
988 2669 1113 2746 eiusque
1128 2684 1249 2726 succee-

85 2779 157 2830 totum
166 2773 382 2854 Imperatorum
397 2778 584 2854 temporibus
604 2779 635 2838 in
651 2763 700 2838 his
718 2777 813 2836 terris
828 2757 965 2852 degens,
987 2759 1066 2864 ultra
1075 2770 1250 2835 Danubium

85 2867 140 2929 circa
151 2879 334 2962 quingenties
353 2890 480 2940 centena
495 2883 608 2952 miliia,
631 2884 710 2943 citra
724 2889 824 2943 autem
837 2875 916 2938 haud
931 2878 1024 2936 multo
1044 2875 1188 2962 pauciora
1205 2875 1249 2934 ei·

84 2971 134 3042 fidit.
148 2963 289 3044 Homines
304 2994 375 3044 sunt
387 2985 562 3080 mediocris,
584 2969 634 3047 ast
649 2987 759 3046 nobilis
774 2992 927 3054 staturae,
949 2969 1151 3062 robustaeque
1169 2995 1250 3039 cum·

57 3077 207 3165 pleniunis,
228 3090 407 3166 adspectum
422 3109 561 3169 gravem,
583 3092 643 3151 imo
663 3091 765 3186 etiann,
787 3097 821 3148 ut
834 3087 993 3147 Sarnicius
1011 3084 1046 3142 de
1059 3081 1122 3142 iliis
1138 3079 1248 3142 utelit-

81 3187 195 3263 stnricus,
216 3196 340 3252 trucem
352 3195 601 3292 praeseferunt,
622 3194 685 3254 et
673 3211 708 3252 ιιι
707 3177 837 3270 secrete
858 3181 985 3250 bircam
1003 3185 1174 3284 militarem
1186 3203 1247 3262 pe-

81 3293 139 3352 itud
149 3291 248 3356 Mures
263 3291 417 3355 Romani
407 3313 438 3356 ιιι
454 3297 632 3357 hodiernum
646 3316 744 3375 usque
761 3296 866 3354 diem'
856 3314 887 3356 m
903 3293 985 3355 omni
998 3310 1056 3351 sua
1070 3287 1247 3367 integritate

80 3393 324 3478 spndenavtgenr.
346 3401 378 3459 iu
396 3403 553 3462 nativitate
568 3401 778 3478 horoscopia,
797 3401 830 3458 br
848 3399 961 3475 nuptiis
973 3411 1093 3462 moes,
1114 3393 1145 3452 in
1163 3392 1247 3450 inne·

80 3489 137 3554 ribnn
149 3503 326 3580 praeficaep
355 3505 386 3562 in
401 3503 504 3580 pdeuo',
511 3504 589 3581 apud
612 3504 701 3563 illos
698 3512 776 3573 sunt
791 3503 916 3582 vigore,
941 3494 1152 3572 Samnite,
1182 3491 1246 3553 Oe·

77 3599 167 3688 reuda,
186 3605 660 3686 Baccbumdiu,huperculiu,
682 3605 850 3682 Florebant,
871 3603 1035 3682 einesforde
1048 3619 1090 3662 ao
1103 3597 1243 3700 cessati,

78 3700 141 3759 netto·
115 3722 192 3782 prose
213 3710 432 3791 observantuu3
453 3709 592 3771 Fratres
608 3705 750 3772 Arcades
767 3719 798 3769 et
811 3707 906 3778 Solii
910 3705 1112 3772 Sacerdotes,
1134 3675 1243 3780 quouis
1260 3737 1262 3744 ·
1341 3733 1343 3740 ·

75 3913 122 3977 itio
132 3926 228 3976 monte
242 3936 261 3976 a
276 3917 415 3978 barbaris
433 3919 611 3978 circumdati
626 3929 656 3978 et
672 3919 717 3978 ad
724 3917 856 3980 Danubii
871 3917 971 3994 ripas,
992 3909 1075 3969 sed
1065 3927 1097 3968 ιιι
1111 3907 1244 3984 Apenni-

75 4009 118 4081 ¹1¹⁸
136 4035 221 4096 super
236 4031 351 4099 septem
368 4031 506 4092 montes,
528 4023 565 4081 ad
581 4022 715 4083 'tiberim
735 4023 879 4104 fluvium,
900 4020 931 4076 iu
946 4013 1128 4074 Sabinorum
1146 4011 1272 4070 socic-

74 4115 124 4193 tate,
142 4123 194 4182 sub
209 4125 307 4186 Numa
323 4125 483 4204 Pompilio,
506 4127 599 4188 seriis
614 4127 729 4188 nostris
742 4115 939 4204 temporibus,
953 4119 1057 4176 vivore
1072 4114 1241 4176 videantur·

38 4227 39 4284 ]
73 4211 199 4299 dusephus
213 4229 320 4289 Beukd
341 4231 372 4290 iu
394 4249 452 4303 sua
463 4225 694 4293 Tranesilvania
708 4232 766 4292 ait:
787 4233 930 4306 „Integer
942 4223 978 4283 de
993 4220 1147 4288 muribus,
1170 4233 1241 4277 0⁰¹¹·
1318 4219 1320 4234 ”

38 4389 39 4430 t
72 4327 251 4392 enutrientem
273 4342 304 4396 et
316 4334 424 4396 ritibus
436 4330 645 4398 Valachorum
668 4335 745 4396 iiber
765 4330 957 4397 adornandus
982 4333 1086 4394 enact,
1116 4340 1174 4402 qno
1190 4329 1241 4380 eo·

38 4441 39 4448 ‘
978 4430 1043 4494 ιιι
