2930 4860
10 373 13 382 ,
93 333 95 338 ·
177 319 231 374 xx

278 455 349 518 lloc
367 463 503 534 tempore
524 453 681 532 proprium
699 453 869 514 Romanum
890 447 1049 527 imperium
1071 449 1101 508 in
1124 447 1241 508 oriente
1262 462 1384 526 quoque

169 563 341 641 ¹expiravit,
364 556 613 641 (supermanante
634 558 777 618 eiusdem.
790 555 897 618 umbre
917 571 1015 630 usque
1029 551 1231 626 adfleclmum
1246 553 1385 630 quintum

181 665 362 741 sacculum.)
383 666 460 723 Nam
481 671 551 741 post
570 664 760 722 invasionem
780 658 1006 738 Bulgarorum,
1028 667 1217 734 mortemque
1236 658 1386 728 Constan-

181 775 254 842 tini,
277 789 335 849 quo
358 767 454 828 adhuc
473 769 596 826 vivente
617 766 722 844 lingua
742 767 897 832 Romana,
924 762 1033 820 saltem
1053 762 1213 832 militaris,
1235 754 1266 820 in
1286 761 1387 819 Aure·

128 861 131 865 ⁸
182 867 255 936 licui
271 875 369 934 Dacia
388 872 528 950 vulgaris
550 879 628 948 crat,
651 865 765 952 (aulica
785 869 865 927 enim
886 866 954 926 iutle
977 884 994 924 a
1015 866 1201 943 temporibus
1216 865 1314 925 Marci
1323 866 1387 924 Au·

182 980 252 1039 relii
266 979 387 1038 Graeca
407 983 485 1051 erat,
507 991 585 1052 quae
606 973 712 1032 deinde
730 971 951 1030 aDiocletiano
973 970 1143 1035 formaliter
1158 970 1340 1049 introducta,
1354 978 1389 1028 ct

183 1081 299 1142 tardius
317 1079 373 1139 suh
388 1079 511 1138 Julisno
533 1095 593 1138 una
614 1094 683 1135 cum
695 1076 817 1136 Gracco
830 1072 1027 1150 Philosophia
1048 1093 1102 1151 pro
1125 1073 1387 1152 solalmperatore

183 1187 276 1264 digna
303 1183 407 1259 agnita
434 1190 482 1240 est
508 1175 557 1254 *),
586 1179 737 1257 latineque
760 1178 842 1256 loqui
859 1178 1071 1251 iurisconsulti
1100 1186 1214 1238 tantum
1241 1153 1390 1256 permissi

184 1297 266 1358 suut,
288 1287 339 1364 qui
361 1281 467 1345 Flavio
489 1283 666 1344 tauriniano
688 1282 821 1342 codicem
844 1281 1008 1357 compilare
1025 1280 1149 1355 jubente
1171 1283 1305 1358 animati,
1327 1283 1390 1342 lto-

183 1385 305 1452 manum
326 1391 490 1450 restituere
511 1405 570 1446 una
591 1403 659 1446 cum
680 1387 786 1465 lingua
806 1387 977 1464 imperium,
1000 1387 1076 1446 satis
1099 1387 1228 1464 quidem,
1251 1386 1305 1446 scd
1326 1387 1392 1444 iru-

170 1507 253 1570 ,stra
274 1495 373 1555 conati
395 1499 476 1560 suut,
499 1489 600 1550 omnic
620 1492 701 1548 enim
721 1507 847 1567 pessum
867 1489 960 1559 ibunt,
981 1492 1163 1567 praesertim
1186 1509 1254 1551 cum
1269 1490 1393 1550 Phocus

115 1617 117 1624 ’
183 1599 374 1678 tyrannidem
395 1605 503 1655 nactus
524 1590 629 1676 luit)
620 1611 650 1652 m
671 1594 839 1672 provinciis
860 1593 897 1653 ad
918 1594 1079 1672 imperium
1100 1594 1318 1723 pertinentibus
1340 1613 1394 1672 pc·

184 1708 268 1765 uitus
289 1703 440 1762 exstincto
461 1707 520 1758 cst
596 1705 598 1711 ’
937 1749 940 1758 ,
1144 1750 1146 1760 ,

286 1805 416 1866 Romani
438 1787 517 1861 nunc
538 1819 606 1878 com
622 1799 800 1880 Belgaris
785 1803 895 1876 Juncti,
916 1803 1070 1880 propriam
1082 1803 1394 1864 constitueruntrem·

183 1913 338 1992 publicam
347 1904 542 1984 Byzantina
533 1907 660 1982 imperio
682 1907 816 1966 maxime
837 1907 1001 1975 inimicam,
1022 1918 1162 1986 suosque
1170 1925 1312 1972 conones
1324 1925 1394 1966 sen

190 2021 249 2078 sim
270 2035 307 2075 eo
328 2014 533 2080 adduxerunt,
555 2019 589 2069 ut
609 2009 784 2070 Christiana
805 2009 1059 2086 amplecterentur
1081 2030 1188 2082 sacra,
1215 2011 1293 2090 quod
1315 2030 1395 2070 anno

189 2125 289 2180 herae
309 2117 450 2196 vulgaris
472 2115 725 2202 octingentesimo
747 2115 942 2196 sexagesimo
966 2115 1070 2216 quinto
1090 2115 1202 2174 factum
1224 2125 1283 2176 est.
1310 2114 1396 2190 Quae

192 2225 353 2286 conversio
384 2238 477 2280 causa
502 2219 560 2278 init
581 2217 712 2276 celebris
734 2217 817 2276 illius
839 2217 1001 2275 scissionis
1024 2218 1104 2276 inter
1125 2219 1294 2278 Ecclesiam
1317 2220 1395 2277 occi·

192 2328 353 2405 dentalem,
375 2327 469 2398 idest,
489 2327 668 2392 Romanam,
684 2329 721 2402 et
742 2321 932 2396 orientalem,
954 2321 1050 2392 idest,
1071 2323 1286 2398 Byzantinam3
1305 2341 1394 2400 quum

193 2433 341 2502 Romani,
364 2433 415 2508 qui
435 2431 466 2489 ln
484 2429 606 2496 sacris,
626 2428 697 2485 licet
718 2443 778 2484 non
799 2425 829 2483 in
852 2418 996 2502 politicis}
1016 2444 1034 2484 a
1054 2425 1232 2502 Byzantinis
1252 2425 1398 2502 depende-

194 2537 282 2606 bant,
304 2545 374 2612 post
395 2533 625 2593 conversionem
650 2545 776 2589 suorum
798 2530 968 2588 concivium
985 2528 1094 2608 Jugum
1104 2532 1294 2591 Graecorum
1315 2532 1400 2607 peni·

195 2651 248 2701 tus
270 2649 414 2700 excutere
433 2640 589 2704 volentes,
611 2637 783 2702 Romanae,
806 2634 835 2692 id
858 2644 921 2703 cst,
944 2651 1028 2702 suae,
1051 2643 1082 2692 ct
1102 2653 1159 2692 non
1174 2635 1311 2698 Graecae
1329 2634 1401 2692 sub·

198 2763 269 2804 csse
290 2743 446 2803 Ecclesiae
468 2740 640 2808 maluerint,
664 2730 777 2797 Gracci
797 2747 898 2796 autern
921 2755 974 2798 eos
989 2755 1007 2796 c
1022 2739 1179 2815 proposito
1190 2737 1338 2796 abducere
1352 2757 1403 2798 co·

198 2855 318 2918 nantes,
340 2861 533 2924 quaecunque
547 2843 681 2920 maligna
702 2843 799 2919 potuit
820 2843 987 2920 producere
1008 2843 1184 2920 imaginatio
1206 2841 1242 2900 de
1262 2843 1406 2902 Ecclesia

201 2951 346 3010 finxerint
365 2951 519 3028 Romana,
546 2948 646 3024 itaque
666 2946 769 3018 ¹odium
792 2947 960 3006 excitantes
981 2947 1134 3005 infelicem
1156 2947 1349 3004 causavecint
1370 2942 1408 3005 il-

203 3057 264 3114 l'am
286 3053 518 3130 separationem,
540 3067 617 3127 quac
640 3049 759 3126 quidem
780 3059 932 3109 momento
955 3051 1030 3126 ipsis
1052 3048 1126 3108 nihil
1143 3049 1267 3129 proluit,
1290 3059 1321 3108 et
1338 3067 1409 3110 suc·

205 3173 296 3220 cessu
317 3155 464 3232 temporis
485 3154 538 3215 vel
558 3155 722 3230 plurimum
745 3155 866 3231 nocuit,
888 3149 944 3212 vel
965 3163 999 3212 ut
1018 3153 1122 3212 verius
1144 3153 1320 3272 loquamur,
1352 3171 1411 3213 eos

139 3291 144 3309 ε
205 3263 326 3341 penitus
348 3257 504 3317 exstinxit.

308 3363 437 3441 Bulgari
457 3361 516 3422 hoo
537 3361 607 3422 fidei
626 3319 749 3420 vinculo
769 3361 915 3422 Romanis
932 3359 1027 3420 adhuc
1045 3362 1182 3420 strictius
1196 3363 1282 3433 nutu,
1304 3363 1416 3440 Reges

201 3485 329 3550 quoque
351 3470 425 3525 suos
446 3483 485 3524 ex
499 3464 555 3523 his
578 3464 702 3542 eligere
716 3465 904 3537 maluerunt,
932 3466 1074 3526 virtutem
1097 3475 1128 3524 et
1148 3465 1336 3542 prudentiam
1362 3484 1419 3524 co·
1446 3517 1451 3526 .

213 3591 280 3632 rum
305 3568 536 3646 conspicientes.
564 3567 745 3626 Nominatus
766 3568 868 3648 itaque
890 3575 938 3628 cst
958 3571 1026 3628 ilex
1053 3567 1204 3640 §uncam
1231 3579 1301 3648 post
1321 3569 1420 3629 huius

109 3759 612 3807 xlm-...n-

269 3945 300 4008 ’)
319 3947 386 4000 lom
403 3947 445 3999 Μ.
464 3941 594 3998 Aurelius
611 3943 818 4010 Philosophus,
830 3957 912 4012 quam
924 3923 1105 4001 nectimus
1122 3951 1255 4018 Apostatc
1270 3949 1354 4002 docte
1366 3962 1432 4002 sua

318 4049 405 4103 opera
422 4047 526 4100 graece
542 4029 783 4100 composuerunt,-
798 4035 1040 4104 permiscruutque
1057 4039 1142 4090 latine
1159 4021 1324 4090 historiolas
1347 4038 1432 4089 scri-

320 4123 388 4176 bere
405 4120 452 4172 ille
469 4121 627 4184 tumtunm,
650 4122 696 4174 hio
713 4117 894 4202 Eutropium
911 4123 1105 4177 Diocletianus
1123 4125 1246 4193 quandlu
1263 4129 1436 4194 Imperator

323 4211 377 4262 tuit
393 4212 508 4262 ltomcm
526 4210 614 4262 semel
632 4213 740 4284 tautum
757 4209 853 4263 videre
870 4211 968 4276 voluit,
986 4219 1038 4266 nec
1056 4217 1122 4265 tunc
1134 4213 1208 4264 ultra
1223 4212 1295 4264 ‹luos
1308 4225 1438 4264 menses

324 4299 351 4350 tn
370 4298 443 4351 Urbe
462 4305 650 4376 commoratus
669 4305 722 4362 ost.
