<?xml version="1.0" encoding="UTF-8"?>
<!DOCTYPE html PUBLIC "-//W3C//DTD XHTML 1.0 Transitional//EN"
    "http://www.w3.org/TR/xhtml1/DTD/xhtml1-transitional.dtd">
<html xmlns="http://www.w3.org/1999/xhtml" xml:lang="en" lang="en">
 <head>
  <title>
</title>
<meta http-equiv="Content-Type" content="text/html;charset=utf-8" />
  <meta name='ocr-system' content='tesseract 3.04.00' />
  <meta name='ocr-capabilities' content='ocr_page ocr_carea ocr_par ocr_line ocrx_word'/>
</head>
<body>
  <div class='ocr_page' id='page_1' title='image "./tentamencriticu01laurgoog_0020.png"; bbox 0 0 2930 4860; ppageno 0'>
   <div class='ocr_carea' id='block_1_1' title="bbox 63 483 1276 1604">
    <p class='ocr_par' dir='ltr' id='par_1_1' title="bbox 63 483 1276 1503">
     <span class='ocr_line' id='line_1_1' title="bbox 63 483 1276 566; baseline 0.002 -16"><span class='ocrx_word' id='word_1_1' title='bbox 63 487 185 550; x_wconf 88' lang='lat' dir='ltr'><strong>dssimls</strong></span> <span class='ocrx_word' id='word_1_2' title='bbox 203 483 454 564; x_wconf 80' lang='lat' dir='ltr'><strong>imperatoribus</strong></span> <span class='ocrx_word' id='word_1_3' title='bbox 470 505 524 566; x_wconf 89' lang='lat' dir='ltr'><strong>per</strong></span> <span class='ocrx_word' id='word_1_4' title='bbox 545 493 664 550; x_wconf 80' lang='lat' dir='ltr'><strong>centnm</strong></span> <span class='ocrx_word' id='word_1_5' title='bbox 686 493 717 548; x_wconf 90' lang='lat' dir='ltr'><strong>et</strong></span> <span class='ocrx_word' id='word_1_6' title='bbox 737 485 901 565; x_wconf 69' lang='lat' dir='ltr'><strong>sexaginta</strong></span> <span class='ocrx_word' id='word_1_7' title='bbox 914 501 1022 556; x_wconf 85' lang='lat' dir='ltr'><strong>annos,</strong></span> <span class='ocrx_word' id='word_1_8' title='bbox 1044 501 1139 565; x_wconf 80' lang='lat' dir='ltr'><strong>usqne</strong></span> <span class='ocrx_word' id='word_1_9' title='bbox 1154 484 1191 548; x_wconf 83' lang='lat' dir='ltr'><strong>ad</strong></span> <span class='ocrx_word' id='word_1_10' title='bbox 1203 487 1276 553; x_wconf 78' lang='lat' dir='ltr'><strong>Gal·</strong></span> 
     </span>
     <span class='ocr_line' id='line_1_2' title="bbox 63 589 1275 680; baseline 0 -28"><span class='ocrx_word' id='word_1_11' title='bbox 63 593 125 652; x_wconf 89' lang='lat' dir='ltr'><strong>lieni</strong></span> <span class='ocrx_word' id='word_1_12' title='bbox 143 601 315 672; x_wconf 84' lang='lat' dir='ltr'><strong>tempora,</strong></span> <span class='ocrx_word' id='word_1_13' title='bbox 338 591 466 670; x_wconf 77' lang='lat' dir='ltr'><strong>quibus,</strong></span> <span class='ocrx_word' id='word_1_14' title='bbox 488 599 613 652; x_wconf 86' lang='lat' dir='ltr'><strong>externa</strong></span> <span class='ocrx_word' id='word_1_15' title='bbox 637 589 850 680; x_wconf 73' lang='lat' dir='ltr'><strong>ingruentibus</strong></span> <span class='ocrx_word' id='word_1_16' title='bbox 870 589 1000 668; x_wconf 85' lang='lat' dir='ltr'><strong>nudique</strong></span> <span class='ocrx_word' id='word_1_17' title='bbox 1018 589 1216 665; x_wconf 84' lang='lat' dir='ltr'><strong>barbaris,.et</strong></span> <span class='ocrx_word' id='word_1_18' title='bbox 1231 593 1275 652; x_wconf 87' lang='lat' dir='ltr'><strong>in·</strong></span> 
     </span>
     <span class='ocr_line' id='line_1_3' title="bbox 63 694 1276 774; baseline 0.001 -16"><span class='ocrx_word' id='word_1_19' title='bbox 63 705 143 758; x_wconf 89' lang='lat' dir='ltr'><strong>terne</strong></span> <span class='ocrx_word' id='word_1_20' title='bbox 158 695 407 774; x_wconf 75' lang='lat' dir='ltr'><strong>insurgentibus</strong></span> <span class='ocrx_word' id='word_1_21' title='bbox 427 695 603 756; x_wconf 85' lang='lat' dir='ltr'><strong>successive</strong></span> <span class='ocrx_word' id='word_1_22' title='bbox 626 694 756 772; x_wconf 74' lang='lat' dir='ltr'><strong>triginta</strong></span> <span class='ocrx_word' id='word_1_23' title='bbox 776 695 931 770; x_wconf 57' lang='lat' dir='ltr'><strong>tyrannm</strong></span> <span class='ocrx_word' id='word_1_24' title='bbox 953 695 1136 756; x_wconf 81' lang='lat' dir='ltr'><strong>amlaaacst.</strong></span> <span class='ocrx_word' id='word_1_25' title='bbox 1166 695 1202 773; x_wconf 77' lang='grc' dir='ltr'><strong>Ω.</strong></span> <span class='ocrx_word' id='word_1_26' title='bbox 1215 697 1276 760; x_wconf 81' lang='lat' dir='ltr'><strong>No·</strong></span> 
     </span>
     <span class='ocr_line' id='line_1_4' title="bbox 70 795 1276 884; baseline 0.002 -24"><span class='ocrx_word' id='word_1_27' title='bbox 70 795 134 860; x_wconf 83' lang='lat' dir='ltr'><strong>ulus</strong></span> <span class='ocrx_word' id='word_1_28' title='bbox 143 800 345 879; x_wconf 73' lang='lat' dir='ltr'><strong>Regillianus</strong></span> <span class='ocrx_word' id='word_1_29' title='bbox 359 799 390 858; x_wconf 94' lang='lat' dir='ltr'><strong>in</strong></span> <span class='ocrx_word' id='word_1_30' title='bbox 404 800 502 860; x_wconf 85' lang='lat' dir='ltr'><strong>Dacia</strong></span> <span class='ocrx_word' id='word_1_31' title='bbox 513 807 621 875; x_wconf 87' lang='lat' dir='ltr'><strong>natos,</strong></span> <span class='ocrx_word' id='word_1_32' title='bbox 642 799 811 875; x_wconf 71' lang='lat' dir='ltr'><strong>Imperator</strong></span> <span class='ocrx_word' id='word_1_33' title='bbox 827 807 990 869; x_wconf 73' lang='lat' dir='ltr'><strong>amoenus,</strong></span> <span class='ocrx_word' id='word_1_34' title='bbox 1011 801 1139 876; x_wconf 81' lang='lat' dir='ltr'><strong>patriam</strong></span> <span class='ocrx_word' id='word_1_35' title='bbox 1156 801 1276 884; x_wconf 80' lang='lat' dir='ltr'><strong>puidam</strong></span> 
     </span>
     <span class='ocr_line' id='line_1_5' title="bbox 77 897 1275 991; baseline 0 -27"><span class='ocrx_word' id='word_1_36' title='bbox 77 923 144 964; x_wconf 83' lang='lat' dir='ltr'><strong>suam</strong></span> <span class='ocrx_word' id='word_1_37' title='bbox 154 906 190 991; x_wconf 29' lang='lat' dir='ltr'><strong>&#39;in</strong></span> <span class='ocrx_word' id='word_1_38' title='bbox 205 904 264 964; x_wconf 84' lang='lat' dir='ltr'><strong>bis</strong></span> <span class='ocrx_word' id='word_1_39' title='bbox 279 902 381 964; x_wconf 90' lang='lat' dir='ltr'><strong>turbis</strong></span> <span class='ocrx_word' id='word_1_40' title='bbox 397 921 416 964; x_wconf 89' lang='lat' dir='ltr'><strong>a</strong></span> <span class='ocrx_word' id='word_1_41' title='bbox 434 903 574 966; x_wconf 87' lang='lat' dir='ltr'><strong>barbaris</strong></span> <span class='ocrx_word' id='word_1_42' title='bbox 589 903 742 981; x_wconf 75' lang='lat' dir='ltr'><strong>purgavit,</strong></span> <span class='ocrx_word' id='word_1_43' title='bbox 764 897 813 962; x_wconf 88' lang='lat' dir='ltr'><strong>a&#39;at</strong></span> <span class='ocrx_word' id='word_1_44' title='bbox 833 902 919 962; x_wconf 85' lang='lat' dir='ltr'><strong>brevi</strong></span> <span class='ocrx_word' id='word_1_45' title='bbox 934 911 1003 979; x_wconf 83' lang='lat' dir='ltr'><strong>post</strong></span> <span class='ocrx_word' id='word_1_46' title='bbox 1019 922 1038 964; x_wconf 87' lang='lat' dir='ltr'><strong>a</strong></span> <span class='ocrx_word' id='word_1_47' title='bbox 1053 905 1198 964; x_wconf 73' lang='lat' dir='ltr'><strong>militibus</strong></span> <span class='ocrx_word' id='word_1_48' title='bbox 1211 914 1275 964; x_wconf 82' lang='lat' dir='ltr'><strong>tru-</strong></span> 
     </span>
     <span class='ocr_line' id='line_1_6' title="bbox 77 1001 1275 1086; baseline 0.001 -17"><span class='ocrx_word' id='word_1_49' title='bbox 77 1008 174 1069; x_wconf 85' lang='lat' dir='ltr'><strong>cidatus</strong></span> <span class='ocrx_word' id='word_1_50' title='bbox 190 1017 263 1077; x_wconf 69' lang='lat' dir='ltr'><strong>esta</strong></span> <span class='ocrx_word' id='word_1_51' title='bbox 287 1017 321 1068; x_wconf 88' lang='lat' dir='ltr'><strong>et</strong></span> <span class='ocrx_word' id='word_1_52' title='bbox 333 1007 429 1068; x_wconf 86' lang='lat' dir='ltr'><strong>simili</strong></span> <span class='ocrx_word' id='word_1_53' title='bbox 445 1009 538 1086; x_wconf 91' lang='lat' dir='ltr'><strong>periit</strong></span> <span class='ocrx_word' id='word_1_54' title='bbox 550 1007 667 1068; x_wconf 87' lang='lat' dir='ltr'><strong>ratione</strong></span> <span class='ocrx_word' id='word_1_55' title='bbox 683 1001 841 1068; x_wconf 70' lang='lat' dir='ltr'><strong>Gallienus</strong></span> <span class='ocrx_word' id='word_1_56' title='bbox 858 1007 1031 1072; x_wconf 74' lang='lat' dir='ltr'><strong>annot-aes.</strong></span> <span class='ocrx_word' id='word_1_57' title='bbox 1053 1007 1212 1070; x_wconf 72' lang='lat' dir='ltr'><strong>Successit</strong></span> <span class='ocrx_word' id='word_1_58' title='bbox 1233 1009 1275 1070; x_wconf 89' lang='lat' dir='ltr'><strong>ei·</strong></span> 
     </span>
     <span class='ocr_line' id='line_1_7' title="bbox 73 1109 1274 1192; baseline 0.003 -22"><span class='ocrx_word' id='word_1_59' title='bbox 73 1112 128 1172; x_wconf 90' lang='lat' dir='ltr'><strong>dem</strong></span> <span class='ocrx_word' id='word_1_60' title='bbox 142 1112 187 1172; x_wconf 81' lang='lat' dir='ltr'><strong>bl.</strong></span> <span class='ocrx_word' id='word_1_61' title='bbox 199 1113 283 1172; x_wconf 76' lang='lat' dir='ltr'><strong>Aur.</strong></span> <span class='ocrx_word' id='word_1_62' title='bbox 300 1111 457 1192; x_wconf 75' lang='lat' dir='ltr'><strong>Claudius,</strong></span> <span class='ocrx_word' id='word_1_63' title='bbox 479 1112 529 1190; x_wconf 89' lang='lat' dir='ltr'><strong>qni</strong></span> <span class='ocrx_word' id='word_1_64' title='bbox 544 1128 622 1172; x_wconf 88' lang='lat' dir='ltr'><strong>anno</strong></span> <span class='ocrx_word' id='word_1_65' title='bbox 637 1111 708 1176; x_wconf 68' lang='lat'><strong>269.</strong></span> <span class='ocrx_word' id='word_1_66' title='bbox 731 1110 851 1172; x_wconf 83' lang='lat' dir='ltr'><strong>Gothos</strong></span> <span class='ocrx_word' id='word_1_67' title='bbox 865 1109 1030 1186; x_wconf 81' lang='lat' dir='ltr'><strong>Illyricum,</strong></span> <span class='ocrx_word' id='word_1_68' title='bbox 1052 1113 1274 1174; x_wconf 78' lang='lat' dir='ltr'><strong>Macedoniam·</strong></span> 
     </span>
     <span class='ocr_line' id='line_1_8' title="bbox 70 1213 1274 1295; baseline 0.002 -21"><span class='ocrx_word' id='word_1_69' title='bbox 70 1234 120 1293; x_wconf 81' lang='lat' dir='ltr'><strong>que</strong></span> <span class='ocrx_word' id='word_1_70' title='bbox 133 1225 312 1286; x_wconf 76' lang='lat' dir='ltr'><strong>vastantes,</strong></span> <span class='ocrx_word' id='word_1_71' title='bbox 335 1216 452 1294; x_wconf 75' lang='lat' dir='ltr'><strong>ingenti</strong></span> <span class='ocrx_word' id='word_1_72' title='bbox 467 1214 584 1292; x_wconf 88' lang='lat' dir='ltr'><strong>proelio</strong></span> <span class='ocrx_word' id='word_1_73' title='bbox 599 1215 682 1283; x_wconf 85' lang='lat' dir='ltr'><strong>vicit.</strong></span> <span class='ocrx_word' id='word_1_74' title='bbox 704 1213 866 1276; x_wconf 83' lang='lat' dir='ltr'><strong>etGotbici</strong></span> <span class='ocrx_word' id='word_1_75' title='bbox 879 1214 1023 1294; x_wconf 76' lang='lat' dir='ltr'><strong>elogium,</strong></span> <span class='ocrx_word' id='word_1_76' title='bbox 1046 1215 1143 1276; x_wconf 91' lang='lat' dir='ltr'><strong>deleta</strong></span> <span class='ocrx_word' id='word_1_77' title='bbox 1155 1235 1274 1295; x_wconf 87' lang='lat' dir='ltr'><strong>qnoque</strong></span> 
     </span>
     <span class='ocr_line' id='line_1_9' title="bbox 71 1316 1273 1396; baseline 0.002 -18"><span class='ocrx_word' id='word_1_78' title='bbox 71 1319 181 1378; x_wconf 83' lang='lat' dir='ltr'><strong>lllornm</strong></span> <span class='ocrx_word' id='word_1_79' title='bbox 208 1321 338 1389; x_wconf 83' lang='lat' dir='ltr'><strong>classe,</strong></span> <span class='ocrx_word' id='word_1_80' title='bbox 361 1317 418 1380; x_wconf 90' lang='lat' dir='ltr'><strong>sibi</strong></span> <span class='ocrx_word' id='word_1_81' title='bbox 447 1316 539 1380; x_wconf 88' lang='lat' dir='ltr'><strong>tribui</strong></span> <span class='ocrx_word' id='word_1_82' title='bbox 560 1333 671 1394; x_wconf 80' lang='lat' dir='ltr'><strong>passm</strong></span> <span class='ocrx_word' id='word_1_83' title='bbox 694 1325 759 1396; x_wconf 83' lang='lat' dir='ltr'><strong>est3</strong></span> <span class='ocrx_word' id='word_1_84' title='bbox 789 1317 841 1396; x_wconf 82' lang='lat' dir='ltr'><strong>qul</strong></span> <span class='ocrx_word' id='word_1_85' title='bbox 862 1335 939 1384; x_wconf 83' lang='lat' dir='ltr'><strong>suno</strong></span> <span class='ocrx_word' id='word_1_86' title='bbox 960 1318 1023 1384; x_wconf 74' lang='lat'><strong>870</strong></span> <span class='ocrx_word' id='word_1_87' title='bbox 1049 1319 1165 1395; x_wconf 89' lang='lat' dir='ltr'><strong>pariter</strong></span> <span class='ocrx_word' id='word_1_88' title='bbox 1192 1320 1273 1380; x_wconf 88' lang='lat' dir='ltr'><strong>vitae</strong></span> 
     </span>
     <span class='ocr_line' id='line_1_10' title="bbox 72 1417 834 1503; baseline 0.009 -22"><span class='ocrx_word' id='word_1_89' title='bbox 72 1432 180 1500; x_wconf 87' lang='lat' dir='ltr'><strong>ereptus</strong></span> <span class='ocrx_word' id='word_1_90' title='bbox 197 1432 264 1483; x_wconf 71' lang='lat' dir='ltr'><strong>est·</strong></span> <span class='ocrx_word' id='word_1_91' title='bbox 288 1417 319 1503; x_wconf 64' lang='grc' dir='ltr'><strong><em>Ἴ</em></strong></span> <span class='ocrx_word' id='word_1_92' title='bbox 831 1479 834 1488; x_wconf 91' lang='grc'><em>.</em></span> 
     </span>
    </p>

    <p class='ocr_par' dir='ltr' id='par_1_2' title="bbox 159 1522 1273 1604">
     <span class='ocr_line' id='line_1_11' title="bbox 159 1522 1273 1604; baseline 0.002 -18"><span class='ocrx_word' id='word_1_93' title='bbox 159 1526 355 1586; x_wconf 78' lang='lat' dir='ltr'><strong>Aurelianus</strong></span> <span class='ocrx_word' id='word_1_94' title='bbox 377 1523 495 1594; x_wconf 81' lang='lat' dir='ltr'><strong>Sirmii,</strong></span> <span class='ocrx_word' id='word_1_95' title='bbox 517 1522 567 1586; x_wconf 92' lang='lat' dir='ltr'><strong>ubi</strong></span> <span class='ocrx_word' id='word_1_96' title='bbox 589 1535 677 1588; x_wconf 88' lang='lat' dir='ltr'><strong>natus</strong></span> <span class='ocrx_word' id='word_1_97' title='bbox 699 1535 775 1604; x_wconf 88' lang='lat' dir='ltr'><strong>crat,</strong></span> <span class='ocrx_word' id='word_1_98' title='bbox 798 1527 969 1604; x_wconf 86' lang='lat' dir='ltr'><strong>Imperator</strong></span> <span class='ocrx_word' id='word_1_99' title='bbox 991 1529 1187 1597; x_wconf 87' lang='lat' dir='ltr'><strong>acclamatus,</strong></span> <span class='ocrx_word' id='word_1_100' title='bbox 1201 1545 1273 1596; x_wconf 76' lang='lat' dir='ltr'><strong>cum</strong></span> 
     </span>
    </p>
   </div>
   <div class='ocr_carea' id='block_1_2' title="bbox 81 1628 1400 1708">
    <p class='ocr_par' dir='ltr' id='par_1_3' title="bbox 81 1628 1400 1708">
     <span class='ocr_line' id='line_1_12' title="bbox 81 1628 1400 1708; baseline -0.002 -16"><span class='ocrx_word' id='word_1_101' title='bbox 81 1629 334 1692; x_wconf 77' lang='lat' dir='ltr'><strong>nonobstantibus</strong></span> <span class='ocrx_word' id='word_1_102' title='bbox 349 1628 488 1688; x_wconf 88' lang='lat' dir='ltr'><strong>lelicibus</strong></span> <span class='ocrx_word' id='word_1_103' title='bbox 504 1645 572 1688; x_wconf 91' lang='lat' dir='ltr'><strong>cum</strong></span> <span class='ocrx_word' id='word_1_104' title='bbox 589 1631 701 1690; x_wconf 79' lang='lat' dir='ltr'><strong>Gothis</strong></span> <span class='ocrx_word' id='word_1_105' title='bbox 722 1631 924 1708; x_wconf 84' lang='lat' dir='ltr'><strong>conflictibus,</strong></span> <span class='ocrx_word' id='word_1_106' title='bbox 945 1640 1096 1692; x_wconf 84' lang='lat' dir='ltr'><strong>vastatum</strong></span> <span class='ocrx_word' id='word_1_107' title='bbox 1119 1632 1273 1706; x_wconf 86' lang='lat' dir='ltr'><strong>illyricum</strong></span> <span class='ocrx_word' id='word_1_108' title='bbox 1395 1667 1400 1682; x_wconf 69' lang='grc' dir='ltr'><em>ι</em></span> 
     </span>
    </p>
   </div>
   <div class='ocr_carea' id='block_1_3' title="bbox 1 1731 1303 2956">
    <p class='ocr_par' dir='ltr' id='par_1_4' title="bbox 72 1731 1273 2216">
     <span class='ocr_line' id='line_1_13' title="bbox 75 1731 1273 1813; baseline -0.004 -16"><span class='ocrx_word' id='word_1_109' title='bbox 75 1747 103 1797; x_wconf 85' lang='lat' dir='ltr'><strong>et</strong></span> <span class='ocrx_word' id='word_1_110' title='bbox 114 1737 243 1813; x_wconf 78' lang='lat' dir='ltr'><strong>lipsiam</strong></span> <span class='ocrx_word' id='word_1_111' title='bbox 258 1733 409 1810; x_wconf 87' lang='lat' dir='ltr'><strong>perditam</strong></span> <span class='ocrx_word' id='word_1_112' title='bbox 421 1731 549 1802; x_wconf 83' lang='lat' dir='ltr'><strong>videret,</strong></span> <span class='ocrx_word' id='word_1_113' title='bbox 572 1733 654 1792; x_wconf 88' lang='lat' dir='ltr'><strong>cirea</strong></span> <span class='ocrx_word' id='word_1_114' title='bbox 673 1735 792 1794; x_wconf 78' lang='lat' dir='ltr'><strong>Annum</strong></span> <span class='ocrx_word' id='word_1_115' title='bbox 813 1736 884 1800; x_wconf 76' lang='lat'><strong>271.</strong></span> <span class='ocrx_word' id='word_1_116' title='bbox 906 1734 1070 1812; x_wconf 68' lang='lat' dir='ltr'><strong>desperans</strong></span> <span class='ocrx_word' id='word_1_117' title='bbox 1083 1737 1209 1808; x_wconf 79' lang='lat' dir='ltr'><strong>Daciam</strong></span> <span class='ocrx_word' id='word_1_118' title='bbox 1225 1754 1273 1793; x_wconf 90' lang='lat' dir='ltr'><strong>rs·</strong></span> 
     </span>
     <span class='ocr_line' id='line_1_14' title="bbox 73 1835 1272 1916; baseline -0.001 -17"><span class='ocrx_word' id='word_1_119' title='bbox 73 1841 154 1900; x_wconf 88' lang='lat' dir='ltr'><strong>tineri</strong></span> <span class='ocrx_word' id='word_1_120' title='bbox 175 1855 294 1916; x_wconf 89' lang='lat' dir='ltr'><strong>posse,</strong></span> <span class='ocrx_word' id='word_1_121' title='bbox 317 1835 458 1913; x_wconf 79' lang='lat' dir='ltr'><strong>legiones</strong></span> <span class='ocrx_word' id='word_1_122' title='bbox 476 1851 544 1894; x_wconf 91' lang='lat' dir='ltr'><strong>cum</strong></span> <span class='ocrx_word' id='word_1_123' title='bbox 557 1853 668 1913; x_wconf 80' lang='lat' dir='ltr'><strong>magna</strong></span> <span class='ocrx_word' id='word_1_124' title='bbox 689 1846 774 1912; x_wconf 86' lang='lat' dir='ltr'><strong>parte</strong></span> <span class='ocrx_word' id='word_1_125' title='bbox 795 1837 1027 1914; x_wconf 87' lang='lat' dir='ltr'><strong>provincialium</strong></span> <span class='ocrx_word' id='word_1_126' title='bbox 1050 1857 1088 1898; x_wconf 87' lang='lat' dir='ltr'><strong>ex</strong></span> <span class='ocrx_word' id='word_1_127' title='bbox 1115 1841 1272 1916; x_wconf 82' lang='lat' dir='ltr'><strong>provincis</strong></span> 
     </span>
     <span class='ocr_line' id='line_1_15' title="bbox 73 1935 1273 2020; baseline -0.001 -16"><span class='ocrx_word' id='word_1_128' title='bbox 73 1944 189 2003; x_wconf 77' lang='lat' dir='ltr'><strong>abduxit</strong></span> <span class='ocrx_word' id='word_1_129' title='bbox 203 1951 237 2002; x_wconf 88' lang='lat' dir='ltr'><strong>et</strong></span> <span class='ocrx_word' id='word_1_130' title='bbox 259 1935 291 1999; x_wconf 82' lang='lat' dir='ltr'><strong>ln</strong></span> <span class='ocrx_word' id='word_1_131' title='bbox 308 1940 440 2015; x_wconf 81' lang='lat' dir='ltr'><strong>Mysiam</strong></span> <span class='ocrx_word' id='word_1_132' title='bbox 453 1937 624 2018; x_wconf 83' lang='lat' dir='ltr'><strong>collocavit,</strong></span> <span class='ocrx_word' id='word_1_133' title='bbox 647 1957 735 2014; x_wconf 85' lang='lat' dir='ltr'><strong>qnam</strong></span> <span class='ocrx_word' id='word_1_134' title='bbox 757 1939 861 1999; x_wconf 90' lang='lat' dir='ltr'><strong>deinde</strong></span> <span class='ocrx_word' id='word_1_135' title='bbox 883 1959 969 2000; x_wconf 90' lang='lat' dir='ltr'><strong>suam</strong></span> <span class='ocrx_word' id='word_1_136' title='bbox 983 1943 1107 2000; x_wconf 88' lang='lat' dir='ltr'><strong>Daciam</strong></span> <span class='ocrx_word' id='word_1_137' title='bbox 1120 1944 1273 2020; x_wconf 88' lang='lat' dir='ltr'><strong>appellare</strong></span> 
     </span>
     <span class='ocr_line' id='line_1_16' title="bbox 72 2043 1273 2121; baseline -0.003 -13"><span class='ocrx_word' id='word_1_138' title='bbox 72 2051 184 2120; x_wconf 81' lang='lat' dir='ltr'><strong>voluit,</strong></span> <span class='ocrx_word' id='word_1_139' title='bbox 212 2064 256 2106; x_wconf 88' lang='lat' dir='ltr'><strong>ue</strong></span> <span class='ocrx_word' id='word_1_140' title='bbox 278 2054 419 2106; x_wconf 87' lang='lat' dir='ltr'><strong>tantaea</strong></span> <span class='ocrx_word' id='word_1_141' title='bbox 445 2045 578 2104; x_wconf 85' lang='lat' dir='ltr'><strong>Traiano</strong></span> <span class='ocrx_word' id='word_1_142' title='bbox 605 2043 753 2104; x_wconf 78' lang='lat' dir='ltr'><strong>formatae</strong></span> <span class='ocrx_word' id='word_1_143' title='bbox 789 2044 961 2121; x_wconf 85' lang='lat' dir='ltr'><strong>provinciae</strong></span> <span class='ocrx_word' id='word_1_144' title='bbox 990 2063 1099 2106; x_wconf 91' lang='lat' dir='ltr'><strong>nomen</strong></span> <span class='ocrx_word' id='word_1_145' title='bbox 1129 2046 1273 2106; x_wconf 88' lang='lat' dir='ltr'><strong>oblivioni</strong></span> 
     </span>
     <span class='ocr_line' id='line_1_17' title="bbox 72 2153 247 2216; baseline -0.006 -4"><span class='ocrx_word' id='word_1_146' title='bbox 72 2153 247 2216; x_wconf 83' lang='lat' dir='ltr'><strong>traderetur.</strong></span> 
     </span>
    </p>

    <p class='ocr_par' dir='ltr' id='par_1_5' title="bbox 1 2251 1303 2956">
     <span class='ocr_line' id='line_1_18' title="bbox 164 2251 1272 2338; baseline -0.003 -21"><span class='ocrx_word' id='word_1_147' title='bbox 164 2259 212 2338; x_wconf 73' lang='lat' dir='ltr'><strong>lit</strong></span> <span class='ocrx_word' id='word_1_148' title='bbox 225 2255 307 2314; x_wconf 86' lang='lat' dir='ltr'><strong>haec</strong></span> <span class='ocrx_word' id='word_1_149' title='bbox 328 2271 407 2314; x_wconf 82' lang='lat' dir='ltr'><strong>nova</strong></span> <span class='ocrx_word' id='word_1_150' title='bbox 427 2253 524 2316; x_wconf 87' lang='lat' dir='ltr'><strong>Dacia</strong></span> <span class='ocrx_word' id='word_1_151' title='bbox 544 2253 612 2329; x_wconf 83' lang='lat' dir='ltr'><strong>luit,</strong></span> <span class='ocrx_word' id='word_1_152' title='bbox 634 2270 710 2330; x_wconf 88' lang='lat' dir='ltr'><strong>quae</strong></span> <span class='ocrx_word' id='word_1_153' title='bbox 732 2251 873 2328; x_wconf 77' lang='lat' dir='ltr'><strong>deinceps</strong></span> <span class='ocrx_word' id='word_1_154' title='bbox 895 2269 913 2310; x_wconf 84' lang='lat' dir='ltr'><strong>a</strong></span> <span class='ocrx_word' id='word_1_155' title='bbox 934 2253 1133 2331; x_wconf 83' lang='lat' dir='ltr'><strong>scriptoribus</strong></span> <span class='ocrx_word' id='word_1_156' title='bbox 1153 2256 1272 2332; x_wconf 75' lang='lat' dir='ltr'><strong>Byzan·</strong></span> 
     </span>
     <span class='ocr_line' id='line_1_19' title="bbox 1 2353 1272 2440; baseline -0.002 -17"><span class='ocrx_word' id='word_1_157' title='bbox 1 2399 2 2414; x_wconf 49' lang='lat'>1</span> <span class='ocrx_word' id='word_1_158' title='bbox 70 2363 139 2424; x_wconf 87' lang='lat' dir='ltr'><strong>tlois</strong></span> <span class='ocrx_word' id='word_1_159' title='bbox 160 2359 397 2440; x_wconf 83' lang='lat' dir='ltr'><strong>compellatione</strong></span> <span class='ocrx_word' id='word_1_160' title='bbox 411 2356 565 2436; x_wconf 76' lang='lat' dir='ltr'><strong>Ripensis</strong></span> <span class='ocrx_word' id='word_1_161' title='bbox 586 2353 882 2416; x_wconf 82' lang='lat' dir='ltr'><strong>etMediterrarseae</strong></span> <span class='ocrx_word' id='word_1_162' title='bbox 897 2356 1039 2418; x_wconf 88' lang='lat' dir='ltr'><strong>distincta</strong></span> <span class='ocrx_word' id='word_1_163' title='bbox 1053 2359 1147 2436; x_wconf 83' lang='lat' dir='ltr'><strong>uenit,</strong></span> <span class='ocrx_word' id='word_1_164' title='bbox 1169 2367 1272 2436; x_wconf 87' lang='lat' dir='ltr'><strong>utpote</strong></span> 
     </span>
     <span class='ocr_line' id='line_1_20' title="bbox 72 2445 1303 2545; baseline -0.003 -18"><span class='ocrx_word' id='word_1_165' title='bbox 72 2486 142 2545; x_wconf 79' lang='lat' dir='ltr'><strong>quac</strong></span> <span class='ocrx_word' id='word_1_166' title='bbox 162 2486 181 2526; x_wconf 92' lang='lat' dir='ltr'><strong>a</strong></span> <span class='ocrx_word' id='word_1_167' title='bbox 202 2461 474 2540; x_wconf 86' lang='lat' dir='ltr'><strong>septemtrionibus</strong></span> <span class='ocrx_word' id='word_1_168' title='bbox 496 2461 627 2520; x_wconf 76' lang='lat' dir='ltr'><strong>Danubii</strong></span> <span class='ocrx_word' id='word_1_169' title='bbox 647 2460 731 2536; x_wconf 90' lang='lat' dir='ltr'><strong>ripae</strong></span> <span class='ocrx_word' id='word_1_170' title='bbox 753 2460 922 2530; x_wconf 88' lang='lat' dir='ltr'><strong>adiacebat,</strong></span> <span class='ocrx_word' id='word_1_171' title='bbox 944 2471 974 2520; x_wconf 88' lang='lat' dir='ltr'><strong>et</strong></span> <span class='ocrx_word' id='word_1_172' title='bbox 989 2445 1144 2522; x_wconf 84' lang='lat' dir='ltr'><strong>meridlem</strong></span> <span class='ocrx_word' id='word_1_173' title='bbox 1161 2451 1271 2524; x_wconf 79' lang='lat' dir='ltr'><strong>versus</strong></span> <span class='ocrx_word' id='word_1_174' title='bbox 1300 2531 1303 2538; x_wconf 32' lang='lat'><strong>¹</strong></span> 
     </span>
     <span class='ocr_line' id='line_1_21' title="bbox 69 2563 1272 2647; baseline -0.003 -18"><span class='ocrx_word' id='word_1_175' title='bbox 69 2589 121 2647; x_wconf 88' lang='lat' dir='ltr'><strong>per</strong></span> <span class='ocrx_word' id='word_1_176' title='bbox 138 2567 330 2629; x_wconf 82' lang='lat' dir='ltr'><strong>Dardaniam</strong></span> <span class='ocrx_word' id='word_1_177' title='bbox 353 2575 384 2626; x_wconf 92' lang='lat' dir='ltr'><strong>et</strong></span> <span class='ocrx_word' id='word_1_178' title='bbox 404 2573 537 2624; x_wconf 88' lang='lat' dir='ltr'><strong>montem</strong></span> <span class='ocrx_word' id='word_1_179' title='bbox 557 2563 723 2632; x_wconf 82' lang='lat' dir='ltr'><strong>Haemum,</strong></span> <span class='ocrx_word' id='word_1_180' title='bbox 754 2572 784 2620; x_wconf 89' lang='lat' dir='ltr'><strong>et</strong></span> <span class='ocrx_word' id='word_1_181' title='bbox 805 2563 920 2621; x_wconf 88' lang='lat' dir='ltr'><strong>tardius</strong></span> <span class='ocrx_word' id='word_1_182' title='bbox 944 2564 1062 2640; x_wconf 91' lang='lat' dir='ltr'><strong>quidem</strong></span> <span class='ocrx_word' id='word_1_183' title='bbox 1091 2583 1146 2641; x_wconf 89' lang='lat' dir='ltr'><strong>per</strong></span> <span class='ocrx_word' id='word_1_184' title='bbox 1173 2567 1272 2643; x_wconf 86' lang='lat' dir='ltr'><strong>ipsam</strong></span> 
     </span>
     <span class='ocr_line' id='line_1_22' title="bbox 68 2667 1271 2756; baseline -0.005 -21"><span class='ocrx_word' id='word_1_185' title='bbox 68 2675 262 2734; x_wconf 79' lang='lat' dir='ltr'><strong>Thessaliam</strong></span> <span class='ocrx_word' id='word_1_186' title='bbox 283 2688 381 2748; x_wconf 89' lang='lat' dir='ltr'><strong>usque</strong></span> <span class='ocrx_word' id='word_1_187' title='bbox 403 2670 441 2728; x_wconf 91' lang='lat' dir='ltr'><strong>sd</strong></span> <span class='ocrx_word' id='word_1_188' title='bbox 460 2669 588 2756; x_wconf 70' lang='lat' dir='ltr'><strong>Pindum</strong></span> <span class='ocrx_word' id='word_1_189' title='bbox 609 2677 742 2728; x_wconf 90' lang='lat' dir='ltr'><strong>montem</strong></span> <span class='ocrx_word' id='word_1_190' title='bbox 764 2667 990 2728; x_wconf 79' lang='lat' dir='ltr'><strong>extendebatur.</strong></span> <span class='ocrx_word' id='word_1_191' title='bbox 1011 2670 1134 2728; x_wconf 83' lang='lat' dir='ltr'><strong>Nostris</strong></span> <span class='ocrx_word' id='word_1_192' title='bbox 1151 2670 1271 2747; x_wconf 78' lang='lat' dir='ltr'><strong>quidem</strong></span> 
     </span>
     <span class='ocr_line' id='line_1_23' title="bbox 69 2770 1277 2856; baseline -0.003 -18"><span class='ocrx_word' id='word_1_193' title='bbox 69 2779 255 2856; x_wconf 88' lang='lat' dir='ltr'><strong>temporibus</strong></span> <span class='ocrx_word' id='word_1_194' title='bbox 277 2773 518 2852; x_wconf 89' lang='lat' dir='ltr'><strong>ascriptoribus</strong></span> <span class='ocrx_word' id='word_1_195' title='bbox 540 2773 640 2832; x_wconf 91' lang='lat' dir='ltr'><strong>minus</strong></span> <span class='ocrx_word' id='word_1_196' title='bbox 662 2770 1174 2850; x_wconf 79' lang='lat' dir='ltr'><strong>criticis‚praeclpueHungaricis,</strong></span> <span class='ocrx_word' id='word_1_197' title='bbox 1196 2771 1277 2834; x_wconf 79' lang='lat' dir='ltr'><strong>duas</strong></span> 
     </span>
     <span class='ocr_line' id='line_1_24' title="bbox 73 2873 1271 2956; baseline -0.003 -14"><span class='ocrx_word' id='word_1_198' title='bbox 73 2881 125 2942; x_wconf 83' lang='lat' dir='ltr'><strong>bae</strong></span> <span class='ocrx_word' id='word_1_199' title='bbox 145 2882 267 2942; x_wconf 88' lang='lat' dir='ltr'><strong>Daciae</strong></span> <span class='ocrx_word' id='word_1_200' title='bbox 290 2876 405 2948; x_wconf 78' lang='lat' dir='ltr'><strong>no&#39;vae,</strong></span> <span class='ocrx_word' id='word_1_201' title='bbox 432 2876 587 2956; x_wconf 80' lang='lat' dir='ltr'><strong>Ripensis</strong></span> <span class='ocrx_word' id='word_1_202' title='bbox 612 2876 730 2934; x_wconf 88' lang='lat' dir='ltr'><strong>scilicet</strong></span> <span class='ocrx_word' id='word_1_203' title='bbox 755 2885 786 2934; x_wconf 92' lang='lat' dir='ltr'><strong>et</strong></span> <span class='ocrx_word' id='word_1_204' title='bbox 806 2873 1062 2946; x_wconf 80' lang='lat' dir='ltr'><strong>Mediterranea,</strong></span> <span class='ocrx_word' id='word_1_205' title='bbox 1093 2877 1124 2934; x_wconf 92' lang='lat' dir='ltr'><strong>in</strong></span> <span class='ocrx_word' id='word_1_206' title='bbox 1148 2877 1271 2956; x_wconf 85' lang='lat' dir='ltr'><strong>antiqua</strong></span> 
     </span>
    </p>
   </div>
   <div class='ocr_carea' id='block_1_4' title="bbox 71 2965 1391 3062">
    <p class='ocr_par' dir='ltr' id='par_1_6' title="bbox 71 2965 1391 3062">
     <span class='ocr_line' id='line_1_25' title="bbox 71 2965 1391 3062; baseline -0.007 -16"><span class='ocrx_word' id='word_1_207' title='bbox 71 2987 160 3046; x_wconf 84' lang='lat' dir='ltr'><strong>Dacia</strong></span> <span class='ocrx_word' id='word_1_208' title='bbox 180 2986 311 3046; x_wconf 78' lang='lat' dir='ltr'><strong>Traiani</strong></span> <span class='ocrx_word' id='word_1_209' title='bbox 333 2983 489 3062; x_wconf 83' lang='lat' dir='ltr'><strong>quaesitae</strong></span> <span class='ocrx_word' id='word_1_210' title='bbox 511 2991 597 3049; x_wconf 70' lang='lat' dir='ltr'><strong>aunis</strong></span> <span class='ocrx_word' id='word_1_211' title='bbox 630 2980 756 3058; x_wconf 88' lang='lat' dir='ltr'><strong>quibus,</strong></span> <span class='ocrx_word' id='word_1_212' title='bbox 777 2981 880 3040; x_wconf 85' lang='lat' dir='ltr'><strong>neseio</strong></span> <span class='ocrx_word' id='word_1_213' title='bbox 903 2997 962 3058; x_wconf 86' lang='lat' dir='ltr'><strong>qua</strong></span> <span class='ocrx_word' id='word_1_214' title='bbox 983 2965 1206 3057; x_wconf 73' lang='lat' dir='ltr'><strong>supernaturali</strong></span> <span class='ocrx_word' id='word_1_215' title='bbox 1227 2981 1273 3040; x_wconf 90' lang='lat' dir='ltr'><strong>in·</strong></span> <span class='ocrx_word' id='word_1_216' title='bbox 1382 2987 1391 3026; x_wconf 62' lang='grc' dir='ltr'><strong>ι’</strong></span> 
     </span>
    </p>
   </div>
   <div class='ocr_carea' id='block_1_5' title="bbox 72 3079 1272 3372">
    <p class='ocr_par' dir='ltr' id='par_1_7' title="bbox 72 3079 1272 3372">
     <span class='ocr_line' id='line_1_26' title="bbox 72 3079 1271 3172; baseline -0.005 -23"><span class='ocrx_word' id='word_1_217' title='bbox 72 3092 244 3168; x_wconf 88' lang='lat' dir='ltr'><strong>spiratione,</strong></span> <span class='ocrx_word' id='word_1_218' title='bbox 266 3087 372 3172; x_wconf 86' lang='lat' dir='ltr'><strong>deinde</strong></span> <span class='ocrx_word' id='word_1_219' title='bbox 395 3087 487 3146; x_wconf 86' lang='lat' dir='ltr'><strong>tertia</strong></span> <span class='ocrx_word' id='word_1_220' title='bbox 508 3084 607 3146; x_wconf 88' lang='lat' dir='ltr'><strong>addita</strong></span> <span class='ocrx_word' id='word_1_221' title='bbox 630 3093 694 3154; x_wconf 88' lang='lat' dir='ltr'><strong>est,</strong></span> <span class='ocrx_word' id='word_1_222' title='bbox 715 3079 878 3163; x_wconf 80' lang='lat' dir='ltr'><strong>Alpestn&#39;s</strong></span> <span class='ocrx_word' id='word_1_223' title='bbox 898 3083 1053 3159; x_wconf 67' lang='lat' dir='ltr'><strong>nimirum,</strong></span> <span class='ocrx_word' id='word_1_224' title='bbox 1075 3083 1161 3142; x_wconf 90' lang='lat' dir='ltr'><strong>cuius</strong></span> <span class='ocrx_word' id='word_1_225' title='bbox 1182 3084 1271 3160; x_wconf 88' lang='lat' dir='ltr'><strong>plane</strong></span> 
     </span>
     <span class='ocr_line' id='line_1_27' title="bbox 76 3183 1272 3269; baseline -0.004 -16"><span class='ocrx_word' id='word_1_226' title='bbox 76 3197 148 3254; x_wconf 90' lang='lat' dir='ltr'><strong>nulla</strong></span> <span class='ocrx_word' id='word_1_227' title='bbox 167 3195 203 3255; x_wconf 87' lang='lat' dir='ltr'><strong>fit</strong></span> <span class='ocrx_word' id='word_1_228' title='bbox 224 3191 305 3269; x_wconf 91' lang='lat' dir='ltr'><strong>apud</strong></span> <span class='ocrx_word' id='word_1_229' title='bbox 326 3183 448 3252; x_wconf 81' lang='lat' dir='ltr'><strong>veteres</strong></span> <span class='ocrx_word' id='word_1_230' title='bbox 472 3191 641 3266; x_wconf 80' lang='lat' dir='ltr'><strong>scriptores</strong></span> <span class='ocrx_word' id='word_1_231' title='bbox 663 3187 785 3248; x_wconf 90' lang='lat' dir='ltr'><strong>mentio.</strong></span> <span class='ocrx_word' id='word_1_232' title='bbox 808 3185 885 3246; x_wconf 75' lang='lat' dir='ltr'><strong>llam</strong></span> <span class='ocrx_word' id='word_1_233' title='bbox 900 3186 1023 3263; x_wconf 85' lang='lat' dir='ltr'><strong>antiqua</strong></span> <span class='ocrx_word' id='word_1_234' title='bbox 1036 3188 1161 3248; x_wconf 78' lang='lat' dir='ltr'><strong>&#39;l&#39;raiani</strong></span> <span class='ocrx_word' id='word_1_235' title='bbox 1174 3189 1272 3248; x_wconf 83' lang='lat' dir='ltr'><strong>Dacis</strong></span> 
     </span>
     <span class='ocr_line' id='line_1_28' title="bbox 83 3289 1270 3372; baseline -0.002 -16"><span class='ocrx_word' id='word_1_236' title='bbox 83 3300 178 3360; x_wconf 85' lang='lat' dir='ltr'><strong>unllam</strong></span> <span class='ocrx_word' id='word_1_237' title='bbox 191 3298 300 3358; x_wconf 87' lang='lat' dir='ltr'><strong>babuit</strong></span> <span class='ocrx_word' id='word_1_238' title='bbox 313 3295 486 3356; x_wconf 89' lang='lat' dir='ltr'><strong>nominibus</strong></span> <span class='ocrx_word' id='word_1_239' title='bbox 509 3294 685 3372; x_wconf 78' lang='lat' dir='ltr'><strong>insignitam</strong></span> <span class='ocrx_word' id='word_1_240' title='bbox 706 3291 904 3360; x_wconf 78' lang='lat' dir='ltr'><strong>divisionem3</strong></span> <span class='ocrx_word' id='word_1_241' title='bbox 926 3300 957 3350; x_wconf 89' lang='lat' dir='ltr'><strong>et</strong></span> <span class='ocrx_word' id='word_1_242' title='bbox 971 3289 1028 3350; x_wconf 89' lang='lat' dir='ltr'><strong>hec</strong></span> <span class='ocrx_word' id='word_1_243' title='bbox 1043 3301 1161 3352; x_wconf 89' lang='lat' dir='ltr'><strong>constat</strong></span> <span class='ocrx_word' id='word_1_244' title='bbox 1173 3295 1270 3354; x_wconf 85' lang='lat' dir='ltr'><strong>emni-</strong></span> 
     </span>
    </p>
   </div>
   <div class='ocr_carea' id='block_1_6' title="bbox 82 3393 1370 3482">
    <p class='ocr_par' dir='ltr' id='par_1_8' title="bbox 82 3393 1370 3482">
     <span class='ocr_line' id='line_1_29' title="bbox 82 3393 1370 3482; baseline -0.003 -24"><span class='ocrx_word' id='word_1_245' title='bbox 82 3399 139 3471; x_wconf 90' lang='lat' dir='ltr'><strong>bns,</strong></span> <span class='ocrx_word' id='word_1_246' title='bbox 156 3405 207 3482; x_wconf 83' lang='lat' dir='ltr'><strong>qui</strong></span> <span class='ocrx_word' id='word_1_247' title='bbox 229 3404 400 3462; x_wconf 85' lang='lat' dir='ltr'><strong>Romanam</strong></span> <span class='ocrx_word' id='word_1_248' title='bbox 421 3399 581 3458; x_wconf 89' lang='lat' dir='ltr'><strong>historiam</strong></span> <span class='ocrx_word' id='word_1_249' title='bbox 602 3393 774 3474; x_wconf 76' lang='lat' dir='ltr'><strong>vigilando,</strong></span> <span class='ocrx_word' id='word_1_250' title='bbox 796 3412 855 3454; x_wconf 91' lang='lat' dir='ltr'><strong>non</strong></span> <span class='ocrx_word' id='word_1_251' title='bbox 877 3403 976 3454; x_wconf 86' lang='lat' dir='ltr'><strong>autem</strong></span> <span class='ocrx_word' id='word_1_252' title='bbox 999 3396 1173 3456; x_wconf 88' lang='lat' dir='ltr'><strong>somniando</strong></span> <span class='ocrx_word' id='word_1_253' title='bbox 1187 3397 1269 3475; x_wconf 80' lang='lat' dir='ltr'><strong>lege·</strong></span> <span class='ocrx_word' id='word_1_254' title='bbox 1368 3401 1370 3409; x_wconf 90' lang='lat'>&#39;</span> 
     </span>
    </p>
   </div>
   <div class='ocr_carea' id='block_1_7' title="bbox 76 3497 1269 3596">
    <p class='ocr_par' dir='ltr' id='par_1_9' title="bbox 76 3497 1269 3596">
     <span class='ocr_line' id='line_1_30' title="bbox 76 3497 1269 3596; baseline -0.006 -30"><span class='ocrx_word' id='word_1_255' title='bbox 76 3517 147 3568; x_wconf 88' lang='lat' dir='ltr'><strong>runt</strong></span> <span class='ocrx_word' id='word_1_256' title='bbox 166 3507 254 3568; x_wconf 85' lang='lat' dir='ltr'><strong>Haec</strong></span> <span class='ocrx_word' id='word_1_257' title='bbox 276 3505 333 3564; x_wconf 87' lang='lat' dir='ltr'><strong>sub</strong></span> <span class='ocrx_word' id='word_1_258' title='bbox 353 3503 491 3596; x_wconf 78' lang='lat' dir='ltr'><strong>Regibus</strong></span> <span class='ocrx_word' id='word_1_259' title='bbox 512 3501 645 3581; x_wconf 87' lang='lat' dir='ltr'><strong>propriis</strong></span> <span class='ocrx_word' id='word_1_260' title='bbox 661 3497 833 3574; x_wconf 84' lang='lat' dir='ltr'><strong>(Dacicis‚)</strong></span> <span class='ocrx_word' id='word_1_261' title='bbox 855 3515 931 3577; x_wconf 74' lang='lat' dir='ltr'><strong>ergo</strong></span> <span class='ocrx_word' id='word_1_262' title='bbox 953 3505 1022 3558; x_wconf 90' lang='lat' dir='ltr'><strong>ante</strong></span> <span class='ocrx_word' id='word_1_263' title='bbox 1044 3499 1269 3576; x_wconf 88' lang='lat' dir='ltr'><strong>occupationem</strong></span> 
     </span>
    </p>
   </div>
   <div class='ocr_carea' id='block_1_8' title="bbox 119 3873 1303 4318">
    <p class='ocr_par' dir='ltr' id='par_1_10' title="bbox 119 3873 1303 4318">
     <span class='ocr_line' id='line_1_31' title="bbox 119 3873 1303 3976; baseline -0.007 -21"><span class='ocrx_word' id='word_1_264' title='bbox 119 3904 147 3970; x_wconf 73' lang='lat'><strong>⁶)</strong></span> <span class='ocrx_word' id='word_1_265' title='bbox 171 3901 335 3955; x_wconf 83' lang='lat' dir='ltr'><strong>Dolevlmus</strong></span> <span class='ocrx_word' id='word_1_266' title='bbox 352 3902 480 3952; x_wconf 87' lang='lat' dir='ltr'><strong>trecenta</strong></span> <span class='ocrx_word' id='word_1_267' title='bbox 497 3873 597 3966; x_wconf 73' lang='lat' dir='ltr'><strong>olginti</strong></span> <span class='ocrx_word' id='word_1_268' title='bbox 615 3879 876 3960; x_wconf 66' lang='lat' dir='ltr'><strong>milliaGotb&#39;orum,</strong></span> <span class='ocrx_word' id='word_1_269' title='bbox 893 3893 948 3948; x_wconf 88' lang='lat' dir='ltr'><strong>duo</strong></span> <span class='ocrx_word' id='word_1_270' title='bbox 966 3895 1053 3948; x_wconf 86' lang='lat' dir='ltr'><strong>millia</strong></span> <span class='ocrx_word' id='word_1_271' title='bbox 1069 3893 1180 3976; x_wconf 85' lang='lat' dir='ltr'><strong>navium</strong></span> <span class='ocrx_word' id='word_1_272' title='bbox 1196 3907 1269 3948; x_wconf 87' lang='lat' dir='ltr'><strong>mer·</strong></span> <span class='ocrx_word' id='word_1_273' title='bbox 1299 3948 1303 3957; x_wconf 65' lang='grc'><strong>,</strong></span> 
     </span>
     <span class='ocr_line' id='line_1_32' title="bbox 170 3982 1270 4054; baseline -0.005 -12"><span class='ocrx_word' id='word_1_274' title='bbox 170 3991 267 4042; x_wconf 86' lang='lat' dir='ltr'><strong>simus.</strong></span> <span class='ocrx_word' id='word_1_275' title='bbox 291 3989 378 4041; x_wconf 82' lang='lat' dir='ltr'><strong>&#39;l&#39;ccta</strong></span> <span class='ocrx_word' id='word_1_276' title='bbox 394 3992 462 4038; x_wconf 87' lang='lat' dir='ltr'><strong>sunt</strong></span> <span class='ocrx_word' id='word_1_277' title='bbox 478 3983 592 4036; x_wconf 87' lang='lat' dir='ltr'><strong>llumlna</strong></span> <span class='ocrx_word' id='word_1_278' title='bbox 608 3983 714 4050; x_wconf 86' lang='lat' dir='ltr'><strong>scutis,</strong></span> <span class='ocrx_word' id='word_1_279' title='bbox 738 3983 848 4054; x_wconf 80' lang='lat' dir='ltr'><strong>spathis</strong></span> <span class='ocrx_word' id='word_1_280' title='bbox 865 3989 894 4036; x_wconf 86' lang='lat' dir='ltr'><strong>et</strong></span> <span class='ocrx_word' id='word_1_281' title='bbox 910 3985 1046 4037; x_wconf 86' lang='lat' dir='ltr'><strong>lanceolis</strong></span> <span class='ocrx_word' id='word_1_282' title='bbox 1064 3982 1158 4037; x_wconf 88' lang='lat' dir='ltr'><strong>omnia</strong></span> <span class='ocrx_word' id='word_1_283' title='bbox 1173 3982 1270 4036; x_wconf 84' lang='lat' dir='ltr'><strong>littora</strong></span> 
     </span>
     <span class='ocr_line' id='line_1_33' title="bbox 171 4061 1269 4145; baseline -0.007 -16"><span class='ocrx_word' id='word_1_284' title='bbox 171 4079 343 4145; x_wconf 88' lang='lat' dir='ltr'><strong>operiuntur.</strong></span> <span class='ocrx_word' id='word_1_285' title='bbox 369 4074 466 4141; x_wconf 81' lang='lat' dir='ltr'><strong>campi</strong></span> <span class='ocrx_word' id='word_1_286' title='bbox 484 4071 599 4126; x_wconf 87' lang='lat' dir='ltr'><strong>ossibus</strong></span> <span class='ocrx_word' id='word_1_287' title='bbox 616 4071 705 4138; x_wconf 83' lang='lat' dir='ltr'><strong>latent</strong></span> <span class='ocrx_word' id='word_1_288' title='bbox 721 4072 807 4124; x_wconf 86' lang='lat' dir='ltr'><strong>tecti:</strong></span> <span class='ocrx_word' id='word_1_289' title='bbox 831 4071 938 4124; x_wconf 88' lang='lat' dir='ltr'><strong>nullum</strong></span> <span class='ocrx_word' id='word_1_290' title='bbox 955 4071 1010 4124; x_wconf 88' lang='lat' dir='ltr'><strong>iter</strong></span> <span class='ocrx_word' id='word_1_291' title='bbox 1025 4085 1126 4138; x_wconf 89' lang='lat' dir='ltr'><strong>purum</strong></span> <span class='ocrx_word' id='word_1_292' title='bbox 1144 4077 1203 4124; x_wconf 88' lang='lat' dir='ltr'><strong>est:</strong></span> <span class='ocrx_word' id='word_1_293' title='bbox 1226 4061 1269 4122; x_wconf 88' lang='lat' dir='ltr'><strong>in·</strong></span> 
     </span>
     <span class='ocr_line' id='line_1_34' title="bbox 170 4159 1270 4234; baseline -0.005 -18"><span class='ocrx_word' id='word_1_294' title='bbox 170 4179 239 4233; x_wconf 76' lang='lat' dir='ltr'><strong>gens</strong></span> <span class='ocrx_word' id='word_1_295' title='bbox 257 4178 379 4234; x_wconf 75' lang='lat' dir='ltr'><strong>carrago</strong></span> <span class='ocrx_word' id='word_1_296' title='bbox 404 4163 517 4217; x_wconf 86' lang='lat' dir='ltr'><strong>deserta</strong></span> <span class='ocrx_word' id='word_1_297' title='bbox 540 4167 594 4223; x_wconf 87' lang='lat' dir='ltr'><strong>est.</strong></span> <span class='ocrx_word' id='word_1_298' title='bbox 618 4161 738 4213; x_wconf 74' lang='lat' dir='ltr'><strong>Tantum</strong></span> <span class='ocrx_word' id='word_1_299' title='bbox 761 4160 907 4213; x_wconf 84' lang='lat' dir='ltr'><strong>mulierum</strong></span> <span class='ocrx_word' id='word_1_300' title='bbox 929 4160 1070 4227; x_wconf 85' lang='lat' dir='ltr'><strong>cepimus,</strong></span> <span class='ocrx_word' id='word_1_301' title='bbox 1094 4166 1127 4212; x_wconf 87' lang='lat' dir='ltr'><strong>ut</strong></span> <span class='ocrx_word' id='word_1_302' title='bbox 1142 4159 1223 4212; x_wconf 87' lang='lat' dir='ltr'><strong>blnas</strong></span> <span class='ocrx_word' id='word_1_303' title='bbox 1241 4165 1270 4211; x_wconf 86' lang='lat' dir='ltr'><strong>et</strong></span> 
     </span>
     <span class='ocr_line' id='line_1_35' title="bbox 171 4249 1269 4318; baseline -0.006 -12"><span class='ocrx_word' id='word_1_304' title='bbox 171 4259 265 4306; x_wconf 84' lang='lat' dir='ltr'><strong>ternas</strong></span> <span class='ocrx_word' id='word_1_305' title='bbox 283 4253 417 4306; x_wconf 88' lang='lat' dir='ltr'><strong>mulieres</strong></span> <span class='ocrx_word' id='word_1_306' title='bbox 434 4251 526 4304; x_wconf 86' lang='lat' dir='ltr'><strong>victor</strong></span> <span class='ocrx_word' id='word_1_307' title='bbox 543 4249 598 4304; x_wconf 88' lang='lat' dir='ltr'><strong>slbi</strong></span> <span class='ocrx_word' id='word_1_308' title='bbox 615 4249 697 4301; x_wconf 87' lang='lat' dir='ltr'><strong>miles</strong></span> <span class='ocrx_word' id='word_1_309' title='bbox 715 4249 805 4318; x_wconf 83' lang='lat' dir='ltr'><strong>possit</strong></span> <span class='ocrx_word' id='word_1_310' title='bbox 817 4249 979 4316; x_wconf 76' lang='lat' dir='ltr'><strong>adiungere.</strong></span> <span class='ocrx_word' id='word_1_311' title='bbox 997 4253 1269 4312; x_wconf 72' lang='lat' dir='ltr'><strong>Epistololomeroto·</strong></span> 
     </span>
    </p>
   </div>
   <div class='ocr_carea' id='block_1_9' title="bbox 170 4341 789 4417">
    <p class='ocr_par' dir='ltr' id='par_1_11' title="bbox 170 4341 789 4417">
     <span class='ocr_line' id='line_1_36' title="bbox 170 4341 789 4417; baseline -0.008 -21"><span class='ocrx_word' id='word_1_312' title='bbox 170 4347 209 4397; x_wconf 80' lang='lat' dir='ltr'><strong>ris</strong></span> <span class='ocrx_word' id='word_1_313' title='bbox 222 4347 294 4406; x_wconf 73' lang='lat' dir='ltr'><strong>opud</strong></span> <span class='ocrx_word' id='word_1_314' title='bbox 305 4344 384 4398; x_wconf 68' lang='lat' dir='ltr'><strong>tieb-</strong></span> <span class='ocrx_word' id='word_1_315' title='bbox 395 4344 546 4398; x_wconf 78' lang='lat' dir='ltr'><strong>Pollionem</strong></span> <span class='ocrx_word' id='word_1_316' title='bbox 560 4343 589 4395; x_wconf 81' lang='lat' dir='ltr'><strong>ia</strong></span> <span class='ocrx_word' id='word_1_317' title='bbox 601 4341 739 4417; x_wconf 33' lang='lat' dir='ltr'><strong>claudio&amp;</strong></span> <span class='ocrx_word' id='word_1_318' title='bbox 782 4371 789 4380; x_wconf 84' lang='lat'>·</span> 
     </span>
    </p>
   </div>
   <div class='ocr_carea' id='block_1_10' title="bbox 0 0 1470 4860">
    <p class='ocr_par' dir='ltr' id='par_1_12' title="bbox 0 0 1470 4860">
     <span class='ocr_line' id='line_1_37' title="bbox 0 0 1470 4860; baseline 0 2"><span class='ocrx_word' id='word_1_319' title='bbox 0 0 1470 4860; x_wconf 95' lang='lat' dir='ltr'><strong> </strong></span> 
     </span>
    </p>
   </div>
  </div>
 </body>
</html>
