<?xml version="1.0" encoding="UTF-8"?>
<!DOCTYPE html PUBLIC "-//W3C//DTD XHTML 1.0 Transitional//EN"
    "http://www.w3.org/TR/xhtml1/DTD/xhtml1-transitional.dtd">
<html xmlns="http://www.w3.org/1999/xhtml" xml:lang="en" lang="en">
 <head>
  <title>
</title>
<meta http-equiv="Content-Type" content="text/html;charset=utf-8" />
  <meta name='ocr-system' content='tesseract 3.04.00' />
  <meta name='ocr-capabilities' content='ocr_page ocr_carea ocr_par ocr_line ocrx_word'/>
</head>
<body>
  <div class='ocr_page' id='page_1' title='image "./tentamencriticu01laurgoog_0061.png"; bbox 0 0 2930 4860; ppageno 0'>
   <div class='ocr_carea' id='block_1_1' title="bbox 187 321 251 374">
    <p class='ocr_par' dir='ltr' id='par_1_1' title="bbox 187 321 251 374">
     <span class='ocr_line' id='line_1_1' title="bbox 187 321 251 374; baseline 0.016 -1"><span class='ocrx_word' id='word_1_1' title='bbox 187 321 251 374; x_wconf 78' lang='lat' dir='ltr'>inv</span> 
     </span>
    </p>
   </div>
   <div class='ocr_carea' id='block_1_2' title="bbox 136 453 1398 4378">
    <p class='ocr_par' dir='ltr' id='par_1_2' title="bbox 136 453 1397 3960">
     <span class='ocr_line' id='line_1_2' title="bbox 187 453 1382 540; baseline -0.001 -21"><span class='ocrx_word' id='word_1_2' title='bbox 187 458 324 520; x_wconf 88' lang='lat' dir='ltr'>eiusdem</span> <span class='ocrx_word' id='word_1_3' title='bbox 342 455 542 526; x_wconf 71' lang='lat' dir='ltr'>charactere,</span> <span class='ocrx_word' id='word_1_4' title='bbox 563 453 700 535; x_wconf 76' lang='lat' dir='ltr'>ingentia</span> <span class='ocrx_word' id='word_1_5' title='bbox 721 455 833 518; x_wconf 85' lang='lat' dir='ltr'>addunt</span> <span class='ocrx_word' id='word_1_6' title='bbox 850 457 1018 540; x_wconf 81' lang='lat' dir='ltr'>axiomata3</span> <span class='ocrx_word' id='word_1_7' title='bbox 1039 473 1132 535; x_wconf 81' lang='lat' dir='ltr'>quam</span> <span class='ocrx_word' id='word_1_8' title='bbox 1147 458 1382 519; x_wconf 72' lang='lat' dir='ltr'>consuetudinem</span> 
     </span>
     <span class='ocr_line' id='line_1_3' title="bbox 187 547 1383 640; baseline -0.002 -18"><span class='ocrx_word' id='word_1_9' title='bbox 187 563 377 640; x_wconf 87' lang='lat' dir='ltr'>despotismo</span> <span class='ocrx_word' id='word_1_10' title='bbox 391 562 593 621; x_wconf 81' lang='lat' dir='ltr'>introductam</span> <span class='ocrx_word' id='word_1_11' title='bbox 609 577 680 618; x_wconf 85' lang='lat' dir='ltr'>esse</span> <span class='ocrx_word' id='word_1_12' title='bbox 698 560 766 637; x_wconf 82' lang='lat' dir='ltr'>anis</span> <span class='ocrx_word' id='word_1_13' title='bbox 783 547 843 619; x_wconf 88' lang='lat' dir='ltr'>non</span> <span class='ocrx_word' id='word_1_14' title='bbox 860 559 973 619; x_wconf 79' lang='lat' dir='ltr'>videti·</span> <span class='ocrx_word' id='word_1_15' title='bbox 983 560 1102 622; x_wconf 79' lang='lat' dir='ltr'>idaeos</span> <span class='ocrx_word' id='word_1_16' title='bbox 1114 563 1260 622; x_wconf 79' lang='lat' dir='ltr'>Romanis</span> <span class='ocrx_word' id='word_1_17' title='bbox 1273 563 1383 639; x_wconf 89' lang='lat' dir='ltr'>penitus</span> 
     </span>
     <span class='ocr_line' id='line_1_4' title="bbox 188 661 1384 746; baseline -0.003 -19"><span class='ocrx_word' id='word_1_18' title='bbox 188 669 368 746; x_wconf 77' lang='lat' dir='ltr'>ignoratur,</span> <span class='ocrx_word' id='word_1_19' title='bbox 390 665 439 724; x_wconf 89' lang='lat' dir='ltr'>iiii·</span> <span class='ocrx_word' id='word_1_20' title='bbox 453 665 532 724; x_wconf 88' lang='lat' dir='ltr'>e&#39;nim</span> <span class='ocrx_word' id='word_1_21' title='bbox 549 661 667 724; x_wconf 90' lang='lat' dir='ltr'>omne&#39;m</span> <span class='ocrx_word' id='word_1_22' title='bbox 684 665 898 730; x_wconf 80' lang='lat' dir='ltr'>allocutionem</span> <span class='ocrx_word' id='word_1_23' title='bbox 911 665 1232 743; x_wconf 81' lang='lat' dir='ltr'>secunda-exprimunt</span> <span class='ocrx_word' id='word_1_24' title='bbox 1246 664 1384 743; x_wconf 76' lang='lat' dir='ltr'>percont,</span> 
     </span>
     <span class='ocr_line' id='line_1_5' title="bbox 188 761 1386 854; baseline -0.002 -24"><span class='ocrx_word' id='word_1_25' title='bbox 188 769 292 854; x_wconf 81' lang='lat' dir='ltr'>hahita</span> <span class='ocrx_word' id='word_1_26' title='bbox 314 769 432 838; x_wconf 82' lang='lat' dir='ltr'>ratione</span> <span class='ocrx_word' id='word_1_27' title='bbox 455 770 593 840; x_wconf 91' lang='lat' dir='ltr'>numeri,</span> <span class='ocrx_word' id='word_1_28' title='bbox 611 779 645 828; x_wconf 91' lang='lat' dir='ltr'>ut</span> <span class='ocrx_word' id='word_1_29' title='bbox 660 769 727 846; x_wconf 87' lang='lat' dir='ltr'>ipsa</span> <span class='ocrx_word' id='word_1_30' title='bbox 746 771 846 848; x_wconf 88' lang='lat' dir='ltr'>poscit</span> <span class='ocrx_word' id='word_1_31' title='bbox 869 769 1051 830; x_wconf 76' lang='lat' dir='ltr'>Disnottioa</span> <span class='ocrx_word' id='word_1_32' title='bbox 1085 761 1211 848; x_wconf 85' lang='lat' dir='ltr'>eiusque</span> <span class='ocrx_word' id='word_1_33' title='bbox 1230 761 1386 846; x_wconf 84' lang='lat' dir='ltr'>pedisequa</span> 
     </span>
     <span class='ocr_line' id='line_1_6' title="bbox 188 871 1385 958; baseline -0.005 -23"><span class='ocrx_word' id='word_1_34' title='bbox 188 873 398 936; x_wconf 82' lang='lat' dir='ltr'>Grammatiea</span> <span class='ocrx_word' id='word_1_35' title='bbox 408 891 418 941; x_wconf 70' lang='grc' dir='ltr'><strong><em>ς</em></strong></span> <span class='ocrx_word' id='word_1_36' title='bbox 440 872 623 951; x_wconf 70' lang='lat' dir='ltr'><strong>ignorantur</strong></span> <span class='ocrx_word' id='word_1_37' title='bbox 643 883 805 958; x_wconf 87' lang='lat' dir='ltr'>praeterea</span> <span class='ocrx_word' id='word_1_38' title='bbox 826 891 932 934; x_wconf 89' lang='lat' dir='ltr'>omnes</span> <span class='ocrx_word' id='word_1_39' title='bbox 952 874 1089 951; x_wconf 82' lang='lat' dir='ltr'>retiquae</span> <span class='ocrx_word' id='word_1_40' title='bbox 1111 873 1141 932; x_wconf 89' lang='lat' dir='ltr'>in</span> <span class='ocrx_word' id='word_1_41' title='bbox 1166 871 1317 932; x_wconf 85' lang='lat' dir='ltr'>hodiernis</span> <span class='ocrx_word' id='word_1_42' title='bbox 1336 872 1385 930; x_wconf 91' lang='lat' dir='ltr'>iin-</span> 
     </span>
     <span class='ocr_line' id='line_1_7' title="bbox 188 973 1386 1058; baseline -0.003 -22"><span class='ocrx_word' id='word_1_43' title='bbox 188 978 264 1055; x_wconf 79' lang='lat' dir='ltr'>guis</span> <span class='ocrx_word' id='word_1_44' title='bbox 275 985 338 1036; x_wconf 86' lang='lat' dir='ltr'>tam</span> <span class='ocrx_word' id='word_1_45' title='bbox 354 977 498 1054; x_wconf 88' lang='lat' dir='ltr'>copiosae</span> <span class='ocrx_word' id='word_1_46' title='bbox 514 976 638 1054; x_wconf 84' lang='lat' dir='ltr'>spuriae</span> <span class='ocrx_word' id='word_1_47' title='bbox 654 975 835 1058; x_wconf 80' lang='lat' dir='ltr'>humiditatis</span> <span class='ocrx_word' id='word_1_48' title='bbox 856 974 997 1055; x_wconf 88' lang='lat' dir='ltr'>loquendi</span> <span class='ocrx_word' id='word_1_49' title='bbox 1011 977 1185 1056; x_wconf 60' lang='lat' dir='ltr'>»formulae3</span> <span class='ocrx_word' id='word_1_50' title='bbox 1208 991 1340 1034; x_wconf 89' lang='lat' dir='ltr'>summus</span> <span class='ocrx_word' id='word_1_51' title='bbox 1353 973 1386 1032; x_wconf 86' lang='lat' dir='ltr'>u·</span> 
     </span>
     <span class='ocr_line' id='line_1_8' title="bbox 188 1075 1386 1159; baseline -0.005 -17"><span class='ocrx_word' id='word_1_52' title='bbox 188 1079 280 1142; x_wconf 89' lang='lat' dir='ltr'>tuius&#39;</span> <span class='ocrx_word' id='word_1_53' title='bbox 292 1081 323 1140; x_wconf 91' lang='lat' dir='ltr'>in</span> <span class='ocrx_word' id='word_1_54' title='bbox 347 1089 411 1142; x_wconf 89' lang='lat' dir='ltr'>tota</span> <span class='ocrx_word' id='word_1_55' title='bbox 430 1081 534 1159; x_wconf 82' lang='lat' dir='ltr'>lingua</span> <span class='ocrx_word' id='word_1_56' title='bbox 551 1089 608 1139; x_wconf 51' lang='lat' dir='ltr'>,esi</span> <span class='ocrx_word' id='word_1_57' title='bbox 632 1075 775 1140; x_wconf 78' lang='lat' dir='ltr'>lioms&#39;ms</span> <span class='ocrx_word' id='word_1_58' title='bbox 796 1081 966 1158; x_wconf 90' lang='lat' dir='ltr'>Dominus,</span> <span class='ocrx_word' id='word_1_59' title='bbox 980 1099 982 1106; x_wconf 92' lang='lat'>·</span> <span class='ocrx_word' id='word_1_60' title='bbox 997 1083 1049 1159; x_wconf 87' lang='lat' dir='ltr'>qui</span> <span class='ocrx_word' id='word_1_61' title='bbox 1066 1082 1124 1141; x_wconf 83' lang='lat' dir='ltr'>soli</span> <span class='ocrx_word' id='word_1_62' title='bbox 1138 1081 1274 1158; x_wconf 84' lang='lat' dir='ltr'>Principi</span> <span class='ocrx_word' id='word_1_63' title='bbox 1291 1080 1386 1154; x_wconf 82' lang='lat' dir='ltr'>datur3</span> 
     </span>
     <span class='ocr_line' id='line_1_9' title="bbox 188 1180 1387 1264; baseline 0 -22"><span class='ocrx_word' id='word_1_64' title='bbox 188 1182 340 1262; x_wconf 79' lang='lat' dir='ltr'>huiusque</span> <span class='ocrx_word' id='word_1_65' title='bbox 355 1182 541 1243; x_wconf 83' lang='lat' dir='ltr'>abstractum</span> <span class='ocrx_word' id='word_1_66' title='bbox 557 1180 709 1246; x_wconf 72' lang='lat' dir='ltr'>mommo</span> <span class='ocrx_word' id='word_1_67' title='bbox 722 1187 775 1243; x_wconf 81' lang='lat' dir='ltr'>teo</span> <span class='ocrx_word' id='word_1_68' title='bbox 789 1184 963 1244; x_wconf 89' lang='lat' dir='ltr'>Dominatio</span> <span class='ocrx_word' id='word_1_69' title='bbox 982 1194 1046 1264; x_wconf 87' lang='lat' dir='ltr'>tua,</span> <span class='ocrx_word' id='word_1_70' title='bbox 1069 1187 1147 1264; x_wconf 86' lang='lat' dir='ltr'>quod</span> <span class='ocrx_word' id='word_1_71' title='bbox 1162 1189 1253 1246; x_wconf 88' lang='lat' dir='ltr'>etiam</span> <span class='ocrx_word' id='word_1_72' title='bbox 1268 1185 1387 1244; x_wconf 86' lang='lat' dir='ltr'>&#39;seniori-</span> 
     </span>
     <span class='ocr_line' id='line_1_10' title="bbox 188 1278 1387 1366; baseline -0.001 -20"><span class='ocrx_word' id='word_1_73' title='bbox 188 1285 246 1346; x_wconf 85' lang='lat' dir='ltr'>bus</span> <span class='ocrx_word' id='word_1_74' title='bbox 263 1288 417 1364; x_wconf 81' lang='lat' dir='ltr'>personis,</span> <span class='ocrx_word' id='word_1_75' title='bbox 429 1288 571 1366; x_wconf 84' lang='lat' dir='ltr'>quamuis</span> <span class='ocrx_word' id='word_1_76' title='bbox 586 1285 664 1346; x_wconf 87' lang='lat' dir='ltr'>haud</span> <span class='ocrx_word' id='word_1_77' title='bbox 680 1289 865 1366; x_wconf 82' lang='lat' dir='ltr'>promiscue,</span> <span class='ocrx_word' id='word_1_78' title='bbox 882 1278 975 1348; x_wconf 83' lang='lat' dir='ltr'>tribui</span> <span class='ocrx_word' id='word_1_79' title='bbox 989 1290 1079 1359; x_wconf 87' lang='lat' dir='ltr'>sciet,</span> <span class='ocrx_word' id='word_1_80' title='bbox 1090 1290 1163 1350; x_wconf 91' lang='lat' dir='ltr'>iicet</span> <span class='ocrx_word' id='word_1_81' title='bbox 1177 1309 1294 1350; x_wconf 91' lang='lat' dir='ltr'>omnem</span> <span class='ocrx_word' id='word_1_82' title='bbox 1310 1305 1387 1347; x_wconf 89' lang='lat' dir='ltr'>suam</span> 
     </span>
     <span class='ocr_line' id='line_1_11' title="bbox 188 1387 1387 1470; baseline 0 -20"><span class='ocrx_word' id='word_1_83' title='bbox 188 1390 355 1469; x_wconf 81' lang='lat' dir='ltr'>perdiderit</span> <span class='ocrx_word' id='word_1_84' title='bbox 379 1391 562 1470; x_wconf 78' lang='lat' dir='ltr'>gravitatem</span> <span class='ocrx_word' id='word_1_85' title='bbox 582 1390 683 1450; x_wconf 88' lang='lat' dir='ltr'>addito</span> <span class='ocrx_word' id='word_1_86' title='bbox 701 1389 765 1464; x_wconf 81' lang='lat' dir='ltr'>jam</span> <span class='ocrx_word' id='word_1_87' title='bbox 789 1393 939 1453; x_wconf 88' lang='lat' dir='ltr'>secundae</span> <span class='ocrx_word' id='word_1_88' title='bbox 958 1411 1109 1470; x_wconf 87' lang='lat' dir='ltr'>personae</span> <span class='ocrx_word' id='word_1_89' title='bbox 1122 1394 1306 1455; x_wconf 88' lang='lat' dir='ltr'>Pronomiue</span> <span class='ocrx_word' id='word_1_90' title='bbox 1326 1387 1387 1470; x_wconf 83' lang='lat' dir='ltr'>pos&#39;·</span> 
     </span>
     <span class='ocr_line' id='line_1_12' title="bbox 189 1491 1388 1574; baseline 0.001 -21"><span class='ocrx_word' id='word_1_91' title='bbox 189 1495 313 1555; x_wconf 86' lang='lat' dir='ltr'>sessivo</span> <span class='ocrx_word' id='word_1_92' title='bbox 331 1499 384 1554; x_wconf 87' lang='lat' dir='ltr'>tea</span> <span class='ocrx_word' id='word_1_93' title='bbox 399 1504 461 1564; x_wconf 84' lang='lat' dir='ltr'>tua,</span> <span class='ocrx_word' id='word_1_94' title='bbox 482 1499 513 1553; x_wconf 87' lang='lat' dir='ltr'>ct</span> <span class='ocrx_word' id='word_1_95' title='bbox 529 1492 634 1554; x_wconf 83' lang='lat' dir='ltr'>Verbo</span> <span class='ocrx_word' id='word_1_96' title='bbox 651 1512 775 1572; x_wconf 81' lang='lat' dir='ltr'>semper</span> <span class='ocrx_word' id='word_1_97' title='bbox 788 1497 818 1554; x_wconf 90' lang='lat' dir='ltr'>in</span> <span class='ocrx_word' id='word_1_98' title='bbox 834 1496 967 1556; x_wconf 85' lang='lat' dir='ltr'>secunda</span> <span class='ocrx_word' id='word_1_99' title='bbox 980 1515 1112 1574; x_wconf 88' lang='lat' dir='ltr'>persona</span> <span class='ocrx_word' id='word_1_100' title='bbox 1129 1508 1317 1560; x_wconf 84' lang='lat' dir='ltr'>occurrente.</span> <span class='ocrx_word' id='word_1_101' title='bbox 1330 1491 1388 1555; x_wconf 78' lang='lat' dir='ltr'>me·</span> 
     </span>
     <span class='ocr_line' id='line_1_13' title="bbox 189 1597 1387 1681; baseline 0.003 -26"><span class='ocrx_word' id='word_1_102' title='bbox 189 1597 306 1656; x_wconf 89' lang='lat' dir='ltr'>morari</span> <span class='ocrx_word' id='word_1_103' title='bbox 321 1614 440 1674; x_wconf 85' lang='lat' dir='ltr'>quoque</span> <span class='ocrx_word' id='word_1_104' title='bbox 454 1606 599 1667; x_wconf 87' lang='lat' dir='ltr'>meretur,</span> <span class='ocrx_word' id='word_1_105' title='bbox 612 1597 691 1675; x_wconf 84' lang='lat' dir='ltr'>quod</span> <span class='ocrx_word' id='word_1_106' title='bbox 706 1600 766 1675; x_wconf 86' lang='lat' dir='ltr'>ipsi</span> <span class='ocrx_word' id='word_1_107' title='bbox 773 1600 966 1678; x_wconf 80' lang='lat' dir='ltr'>-iiegnantem</span> <span class='ocrx_word' id='word_1_108' title='bbox 981 1598 1192 1681; x_wconf 81' lang='lat' dir='ltr'>Imperatoris</span> <span class='ocrx_word' id='word_1_109' title='bbox 1206 1603 1295 1664; x_wconf 87' lang='lat' dir='ltr'>titulo</span> <span class='ocrx_word' id='word_1_110' title='bbox 1310 1601 1387 1660; x_wconf 90' lang='lat' dir='ltr'>deco·</span> 
     </span>
     <span class='ocr_line' id='line_1_14' title="bbox 190 1693 1386 1786; baseline 0.002 -28"><span class='ocrx_word' id='word_1_111' title='bbox 190 1718 263 1760; x_wconf 90' lang='lat' dir='ltr'>rare</span> <span class='ocrx_word' id='word_1_112' title='bbox 283 1699 420 1770; x_wconf 89' lang='lat' dir='ltr'>soleant,</span> <span class='ocrx_word' id='word_1_113' title='bbox 442 1701 534 1760; x_wconf 83' lang='lat' dir='ltr'>etiam</span> <span class='ocrx_word' id='word_1_114' title='bbox 557 1703 585 1760; x_wconf 84' lang='lat' dir='ltr'>si</span> <span class='ocrx_word' id='word_1_115' title='bbox 600 1703 669 1763; x_wconf 81' lang='lat' dir='ltr'>Rex</span> <span class='ocrx_word' id='word_1_116' title='bbox 687 1703 800 1784; x_wconf 83' lang='lat' dir='ltr'>fuerit3</span> <span class='ocrx_word' id='word_1_117' title='bbox 822 1719 892 1761; x_wconf 90' lang='lat' dir='ltr'>nam</span> <span class='ocrx_word' id='word_1_118' title='bbox 918 1721 1026 1766; x_wconf 91' lang='lat' dir='ltr'>nomen</span> <span class='ocrx_word' id='word_1_119' title='bbox 1044 1708 1142 1786; x_wconf 81' lang='lat' dir='ltr'>Regis</span> <span class='ocrx_word' id='word_1_120' title='bbox 1163 1693 1271 1782; x_wconf 77' lang='lat' dir='ltr'>Repe,</span> <span class='ocrx_word' id='word_1_121' title='bbox 1291 1706 1321 1762; x_wconf 90' lang='lat' dir='ltr'>in</span> <span class='ocrx_word' id='word_1_122' title='bbox 1344 1703 1386 1761; x_wconf 92' lang='lat' dir='ltr'>de·</span> 
     </span>
     <span class='ocr_line' id='line_1_15' title="bbox 190 1801 1388 1888; baseline 0 -24"><span class='ocrx_word' id='word_1_123' title='bbox 190 1801 381 1864; x_wconf 73' lang='lat' dir='ltr'>suetudinem</span> <span class='ocrx_word' id='word_1_124' title='bbox 403 1803 508 1870; x_wconf 86' lang='lat' dir='ltr'>abivit,</span> <span class='ocrx_word' id='word_1_125' title='bbox 537 1806 693 1866; x_wconf 80' lang='lat' dir='ltr'>Romanus</span> <span class='ocrx_word' id='word_1_126' title='bbox 707 1807 866 1885; x_wconf 75' lang='lat' dir='ltr'>Augustos</span> <span class='ocrx_word' id='word_1_127' title='bbox 888 1805 1105 1888; x_wconf 83' lang='lat' dir='ltr'>Imperatores</span> <span class='ocrx_word' id='word_1_128' title='bbox 1127 1811 1298 1887; x_wconf 86' lang='lat' dir='ltr'>nominant,</span> <span class='ocrx_word' id='word_1_129' title='bbox 1320 1807 1388 1866; x_wconf 77' lang='lat' dir='ltr'>Gon·</span> 
     </span>
     <span class='ocr_line' id='line_1_16' title="bbox 191 1909 1387 2005; baseline -0.001 -37"><span class='ocrx_word' id='word_1_130' title='bbox 191 1909 478 1986; x_wconf 85' lang='lat' dir='ltr'>stentinopoiiianos</span> <span class='ocrx_word' id='word_1_131' title='bbox 499 1911 634 1988; x_wconf 84' lang='lat' dir='ltr'>pariter,</span> <span class='ocrx_word' id='word_1_132' title='bbox 663 1919 736 2005; x_wconf 77' lang='lat' dir='ltr'>suos</span> <span class='ocrx_word' id='word_1_133' title='bbox 761 1913 997 1991; x_wconf 53' lang='lat' dir='ltr'>aeque‘iieges,</span> <span class='ocrx_word' id='word_1_134' title='bbox 1018 1915 1062 1972; x_wconf 89' lang='lat' dir='ltr'>uti</span> <span class='ocrx_word' id='word_1_135' title='bbox 1079 1933 1119 1973; x_wconf 84' lang='lat' dir='ltr'>ex</span> <span class='ocrx_word' id='word_1_136' title='bbox 1136 1912 1285 1974; x_wconf 87' lang='lat' dir='ltr'>Joannitii</span> <span class='ocrx_word' id='word_1_137' title='bbox 1298 1911 1387 1970; x_wconf 88' lang='lat' dir='ltr'>literis</span> 
     </span>
     <span class='ocr_line' id='line_1_17' title="bbox 189 2003 1387 2096; baseline -0.002 -22"><span class='ocrx_word' id='word_1_138' title='bbox 189 2021 285 2092; x_wconf 83' lang='lat' dir='ltr'>patei,</span> <span class='ocrx_word' id='word_1_139' title='bbox 306 2011 523 2095; x_wconf 82' lang='lat' dir='ltr'>Imperatores</span> <span class='ocrx_word' id='word_1_140' title='bbox 543 2003 753 2094; x_wconf 76' lang='lat' dir='ltr'>appellabant3</span> <span class='ocrx_word' id='word_1_141' title='bbox 782 2027 832 2076; x_wconf 88' lang='lat' dir='ltr'>ast</span> <span class='ocrx_word' id='word_1_142' title='bbox 851 2035 911 2078; x_wconf 90' lang='lat' dir='ltr'>nen</span> <span class='ocrx_word' id='word_1_143' title='bbox 929 2017 1064 2077; x_wconf 90' lang='lat' dir='ltr'>Polonos</span> <span class='ocrx_word' id='word_1_144' title='bbox 1095 2035 1193 2096; x_wconf 91' lang='lat' dir='ltr'>neque</span> <span class='ocrx_word' id='word_1_145' title='bbox 1214 2017 1387 2095; x_wconf 75' lang='lat' dir='ltr'>Hungaroe,</span> 
     </span>
     <span class='ocr_line' id='line_1_18' title="bbox 190 2115 1388 2198; baseline -0.003 -21"><span class='ocrx_word' id='word_1_146' title='bbox 190 2135 270 2196; x_wconf 82' lang='lat' dir='ltr'>quos</span> <span class='ocrx_word' id='word_1_147' title='bbox 283 2116 443 2196; x_wconf 76' lang='lat' dir='ltr'>Kyroiios</span> <span class='ocrx_word' id='word_1_148' title='bbox 455 2119 507 2178; x_wconf 88' lang='lat' dir='ltr'>vei</span> <span class='ocrx_word' id='word_1_149' title='bbox 522 2115 653 2180; x_wconf 77' lang='lat' dir='ltr'>Omiios</span> <span class='ocrx_word' id='word_1_150' title='bbox 666 2120 825 2198; x_wconf 81' lang='lat' dir='ltr'>vocabant,</span> <span class='ocrx_word' id='word_1_151' title='bbox 839 2121 961 2180; x_wconf 91' lang='lat' dir='ltr'>nomine</span> <span class='ocrx_word' id='word_1_152' title='bbox 974 2123 1097 2181; x_wconf 92' lang='lat' dir='ltr'>omnino</span> <span class='ocrx_word' id='word_1_153' title='bbox 1113 2123 1288 2198; x_wconf 66' lang='lat' dir='ltr'>peregrino.</span> <span class='ocrx_word' id='word_1_154' title='bbox 1300 2121 1388 2178; x_wconf 86' lang='lat' dir='ltr'>Deum</span> 
     </span>
     <span class='ocr_line' id='line_1_19' title="bbox 189 2221 1389 2303; baseline -0.003 -22"><span class='ocrx_word' id='word_1_155' title='bbox 189 2223 291 2300; x_wconf 87' lang='lat' dir='ltr'>ipsum</span> <span class='ocrx_word' id='word_1_156' title='bbox 305 2225 424 2302; x_wconf 74' lang='lat' dir='ltr'>Regem</span> <span class='ocrx_word' id='word_1_157' title='bbox 438 2225 559 2302; x_wconf 80' lang='lat' dir='ltr'>Regum</span> <span class='ocrx_word' id='word_1_158' title='bbox 572 2224 603 2282; x_wconf 90' lang='lat' dir='ltr'>iu</span> <span class='ocrx_word' id='word_1_159' title='bbox 624 2223 691 2282; x_wconf 87' lang='lat' dir='ltr'>suis</span> <span class='ocrx_word' id='word_1_160' title='bbox 708 2223 895 2282; x_wconf 88' lang='lat' dir='ltr'>orationibus</span> <span class='ocrx_word' id='word_1_161' title='bbox 919 2222 1150 2303; x_wconf 69' lang='lat' dir='ltr'>[inperatorem</span> <span class='ocrx_word' id='word_1_162' title='bbox 1164 2221 1389 2303; x_wconf 81' lang='lat' dir='ltr'>Imperatorum</span> 
     </span>
     <span class='ocr_line' id='line_1_20' title="bbox 190 2325 1389 2407; baseline -0.004 -21"><span class='ocrx_word' id='word_1_163' title='bbox 190 2327 358 2397; x_wconf 86' lang='lat' dir='ltr'>nominant,</span> <span class='ocrx_word' id='word_1_164' title='bbox 380 2337 411 2388; x_wconf 88' lang='lat' dir='ltr'>et</span> <span class='ocrx_word' id='word_1_165' title='bbox 422 2326 593 2397; x_wconf 91' lang='lat' dir='ltr'>ridiculum,</span> <span class='ocrx_word' id='word_1_166' title='bbox 613 2327 774 2404; x_wconf 81' lang='lat' dir='ltr'>divineque</span> <span class='ocrx_word' id='word_1_167' title='bbox 788 2325 1120 2407; x_wconf 81' lang='lat' dir='ltr'>maiestateindignum</span> <span class='ocrx_word' id='word_1_168' title='bbox 1138 2325 1389 2406; x_wconf 68' lang='lat' dir='ltr'>potentianum</span> 
     </span>
     <span class='ocr_line' id='line_1_21' title="bbox 190 2429 1390 2508; baseline -0.007 -17"><span class='ocrx_word' id='word_1_169' title='bbox 190 2430 339 2491; x_wconf 86' lang='lat' dir='ltr'>vocabulo</span> <span class='ocrx_word' id='word_1_170' title='bbox 360 2429 534 2508; x_wconf 67' lang='lat' dir='ltr'>Kyretium</span> <span class='ocrx_word' id='word_1_171' title='bbox 553 2447 675 2492; x_wconf 84' lang='lat' dir='ltr'>vocare.</span> <span class='ocrx_word' id='word_1_172' title='bbox 704 2431 863 2508; x_wconf 80' lang='lat' dir='ltr'>Principes</span> <span class='ocrx_word' id='word_1_173' title='bbox 880 2449 972 2502; x_wconf 90' lang='lat' dir='ltr'>suos,</span> <span class='ocrx_word' id='word_1_174' title='bbox 994 2433 1039 2492; x_wconf 87' lang='lat' dir='ltr'>uti</span> <span class='ocrx_word' id='word_1_175' title='bbox 1053 2432 1200 2500; x_wconf 84' lang='lat' dir='ltr'>diximus,</span> <span class='ocrx_word' id='word_1_176' title='bbox 1223 2429 1390 2506; x_wconf 86' lang='lat' dir='ltr'>simpiiciter</span> 
     </span>
     <span class='ocr_line' id='line_1_22' title="bbox 191 2532 1391 2618; baseline -0.005 -23"><span class='ocrx_word' id='word_1_177' title='bbox 191 2533 349 2596; x_wconf 81' lang='lat' dir='ltr'>Dominus</span> <span class='ocrx_word' id='word_1_178' title='bbox 368 2535 485 2608; x_wconf 88' lang='lat' dir='ltr'>dicunt,</span> <span class='ocrx_word' id='word_1_179' title='bbox 507 2544 538 2595; x_wconf 87' lang='lat' dir='ltr'>et</span> <span class='ocrx_word' id='word_1_180' title='bbox 556 2535 607 2613; x_wconf 86' lang='lat' dir='ltr'>qui</span> <span class='ocrx_word' id='word_1_181' title='bbox 623 2532 654 2594; x_wconf 88' lang='lat' dir='ltr'>in</span> <span class='ocrx_word' id='word_1_182' title='bbox 671 2537 838 2612; x_wconf 82' lang='lat' dir='ltr'>provinciis</span> <span class='ocrx_word' id='word_1_183' title='bbox 857 2536 894 2596; x_wconf 85' lang='lat' dir='ltr'>ad</span> <span class='ocrx_word' id='word_1_184' title='bbox 907 2535 1086 2618; x_wconf 82' lang='lat' dir='ltr'>Hungariae</span> <span class='ocrx_word' id='word_1_185' title='bbox 1101 2552 1232 2614; x_wconf 86' lang='lat' dir='ltr'>regnum</span> <span class='ocrx_word' id='word_1_186' title='bbox 1251 2535 1391 2611; x_wconf 90' lang='lat' dir='ltr'>pertinen·</span> 
     </span>
     <span class='ocr_line' id='line_1_23' title="bbox 192 2637 1392 2723; baseline -0.007 -24"><span class='ocrx_word' id='word_1_187' title='bbox 192 2639 274 2699; x_wconf 83' lang='lat' dir='ltr'>tibus</span> <span class='ocrx_word' id='word_1_188' title='bbox 296 2639 450 2723; x_wconf 77' lang='lat' dir='ltr'>habitant,</span> <span class='ocrx_word' id='word_1_189' title='bbox 472 2641 579 2699; x_wconf 84' lang='lat' dir='ltr'>felices</span> <span class='ocrx_word' id='word_1_190' title='bbox 595 2658 630 2698; x_wconf 87' lang='lat' dir='ltr'>se</span> <span class='ocrx_word' id='word_1_191' title='bbox 654 2649 810 2699; x_wconf 85' lang='lat' dir='ltr'>autumant</span> <span class='ocrx_word' id='word_1_192' title='bbox 832 2660 850 2699; x_wconf 93' lang='lat' dir='ltr'>a</span> <span class='ocrx_word' id='word_1_193' title='bbox 872 2657 930 2717; x_wconf 89' lang='lat' dir='ltr'>quo</span> <span class='ocrx_word' id='word_1_194' title='bbox 947 2649 1084 2716; x_wconf 89' lang='lat' dir='ltr'>tempore</span> <span class='ocrx_word' id='word_1_195' title='bbox 1099 2637 1156 2697; x_wconf 88' lang='lat' dir='ltr'>sub</span> <span class='ocrx_word' id='word_1_196' title='bbox 1171 2638 1351 2698; x_wconf 78' lang='lat' dir='ltr'>Germaniae</span> <span class='ocrx_word' id='word_1_197' title='bbox 1365 2641 1392 2692; x_wconf 90' lang='lat' dir='ltr'>ei</span> 
     </span>
     <span class='ocr_line' id='line_1_24' title="bbox 192 2725 1392 2823; baseline -0.008 -19"><span class='ocrx_word' id='word_1_198' title='bbox 192 2744 338 2804; x_wconf 77' lang='lat' dir='ltr'>Austriae</span> <span class='ocrx_word' id='word_1_199' title='bbox 364 2746 524 2823; x_wconf 76' lang='lat' dir='ltr'>Augustos</span> <span class='ocrx_word' id='word_1_200' title='bbox 544 2753 713 2816; x_wconf 84' lang='lat' dir='ltr'>venerunt,</span> <span class='ocrx_word' id='word_1_201' title='bbox 736 2725 813 2820; x_wconf 86' lang='lat' dir='ltr'>quos</span> <span class='ocrx_word' id='word_1_202' title='bbox 836 2753 926 2823; x_wconf 81' lang='lat' dir='ltr'>graio</span> <span class='ocrx_word' id='word_1_203' title='bbox 945 2744 1022 2820; x_wconf 89' lang='lat' dir='ltr'>ipsis</span> <span class='ocrx_word' id='word_1_204' title='bbox 1043 2743 1165 2802; x_wconf 91' lang='lat' dir='ltr'>nomine</span> <span class='ocrx_word' id='word_1_205' title='bbox 1183 2740 1392 2823; x_wconf 79' lang='lat' dir='ltr'>Imperatores</span> 
     </span>
     <span class='ocr_line' id='line_1_25' title="bbox 193 2835 1392 2933; baseline -0.007 -27"><span class='ocrx_word' id='word_1_206' title='bbox 193 2847 451 2933; x_wconf 55' lang='lat' dir='ltr'>appellarejieet,</span> <span class='ocrx_word' id='word_1_207' title='bbox 473 2846 572 2926; x_wconf 84' lang='lat' dir='ltr'>(quod</span> <span class='ocrx_word' id='word_1_208' title='bbox 585 2835 806 2927; x_wconf 66' lang='lat' dir='ltr'>utinamfetiam</span> <span class='ocrx_word' id='word_1_209' title='bbox 823 2847 953 2925; x_wconf 88' lang='lat' dir='ltr'>reliquis</span> <span class='ocrx_word' id='word_1_210' title='bbox 973 2847 1097 2917; x_wconf 84' lang='lat' dir='ltr'>iieeret,</span> <span class='ocrx_word' id='word_1_211' title='bbox 1120 2848 1171 2924; x_wconf 86' lang='lat' dir='ltr'>qui</span> <span class='ocrx_word' id='word_1_212' title='bbox 1186 2847 1241 2906; x_wconf 84' lang='lat' dir='ltr'>vix</span> <span class='ocrx_word' id='word_1_213' title='bbox 1255 2866 1273 2905; x_wconf 88' lang='lat' dir='ltr'>a</span> <span class='ocrx_word' id='word_1_214' title='bbox 1287 2847 1392 2905; x_wconf 75' lang='lat' dir='ltr'>inmo·</span> 
     </span>
     <span class='ocr_line' id='line_1_26' title="bbox 192 2943 1393 3032; baseline -0.004 -24"><span class='ocrx_word' id='word_1_215' title='bbox 192 2969 262 3009; x_wconf 90' lang='lat' dir='ltr'>rum</span> <span class='ocrx_word' id='word_1_216' title='bbox 274 2948 351 3026; x_wconf 66' lang='lat' dir='ltr'>jugo</span> <span class='ocrx_word' id='word_1_217' title='bbox 363 2951 504 3022; x_wconf 89' lang='lat' dir='ltr'>liberati,</span> <span class='ocrx_word' id='word_1_218' title='bbox 521 2950 586 3025; x_wconf 88' lang='lat' dir='ltr'>jam</span> <span class='ocrx_word' id='word_1_219' title='bbox 598 2953 762 3032; x_wconf 81' lang='lat' dir='ltr'>iiussicum</span> <span class='ocrx_word' id='word_1_220' title='bbox 779 2951 917 3027; x_wconf 66' lang='lat' dir='ltr'>timeum)</span> <span class='ocrx_word' id='word_1_221' title='bbox 940 2953 1102 3028; x_wconf 86' lang='lat' dir='ltr'>praecipue</span> <span class='ocrx_word' id='word_1_222' title='bbox 1123 2951 1324 3010; x_wconf 87' lang='lat' dir='ltr'>immortalem</span> <span class='ocrx_word' id='word_1_223' title='bbox 1337 2943 1393 3006; x_wconf 78' lang='lat' dir='ltr'>Jo-</span> 
     </span>
     <span class='ocr_line' id='line_1_27' title="bbox 192 3051 1392 3133; baseline -0.008 -19"><span class='ocrx_word' id='word_1_224' title='bbox 192 3053 328 3133; x_wconf 79' lang='lat' dir='ltr'>septum</span> <span class='ocrx_word' id='word_1_225' title='bbox 341 3051 406 3124; x_wconf 70' lang='lat'>11„</span> <span class='ocrx_word' id='word_1_226' title='bbox 422 3073 510 3132; x_wconf 87' lang='lat' dir='ltr'>quem</span> <span class='ocrx_word' id='word_1_227' title='bbox 526 3055 628 3114; x_wconf 88' lang='lat' dir='ltr'>nulius</span> <span class='ocrx_word' id='word_1_228' title='bbox 643 3070 808 3132; x_wconf 91' lang='lat' dir='ltr'>puerorum</span> <span class='ocrx_word' id='word_1_229' title='bbox 820 3055 956 3133; x_wconf 79' lang='lat' dir='ltr'>ignorat,</span> <span class='ocrx_word' id='word_1_230' title='bbox 969 3057 1061 3113; x_wconf 90' lang='lat' dir='ltr'>etiam</span> <span class='ocrx_word' id='word_1_231' title='bbox 1078 3056 1129 3132; x_wconf 88' lang='lat' dir='ltr'>qui</span> <span class='ocrx_word' id='word_1_232' title='bbox 1145 3055 1259 3114; x_wconf 90' lang='lat' dir='ltr'>nullius</span> <span class='ocrx_word' id='word_1_233' title='bbox 1275 3051 1392 3112; x_wconf 88' lang='lat' dir='ltr'>alterius</span> 
     </span>
     <span class='ocr_line' id='line_1_28' title="bbox 191 3154 1395 3238; baseline -0.006 -22"><span class='ocrx_word' id='word_1_234' title='bbox 191 3158 392 3235; x_wconf 84' lang='lat' dir='ltr'>imperatoris</span> <span class='ocrx_word' id='word_1_235' title='bbox 403 3175 512 3217; x_wconf 92' lang='lat' dir='ltr'>nomeu</span> <span class='ocrx_word' id='word_1_236' title='bbox 530 3161 809 3230; x_wconf 75' lang='lat' dir='ltr'>novitiorumera</span> <span class='ocrx_word' id='word_1_237' title='bbox 822 3169 983 3236; x_wconf 89' lang='lat' dir='ltr'>praeterea</span> <span class='ocrx_word' id='word_1_238' title='bbox 998 3159 1058 3216; x_wconf 87' lang='lat' dir='ltr'>aiia</span> <span class='ocrx_word' id='word_1_239' title='bbox 1073 3167 1195 3218; x_wconf 84' lang='lat' dir='ltr'>exstant</span> <span class='ocrx_word' id='word_1_240' title='bbox 1211 3177 1228 3217; x_wconf 90' lang='lat' dir='ltr'>e</span> <span class='ocrx_word' id='word_1_241' title='bbox 1244 3157 1333 3238; x_wconf 85' lang='lat' dir='ltr'>genio</span> <span class='ocrx_word' id='word_1_242' title='bbox 1344 3154 1395 3211; x_wconf 87' lang='lat' dir='ltr'>iin-</span> 
     </span>
     <span class='ocr_line' id='line_1_29' title="bbox 194 3243 1395 3340; baseline -0.006 -20"><span class='ocrx_word' id='word_1_243' title='bbox 194 3243 274 3340; x_wconf 74' lang='lat' dir='ltr'>guae</span> <span class='ocrx_word' id='word_1_244' title='bbox 293 3263 504 3338; x_wconf 79' lang='lat' dir='ltr'>promanantia</span> <span class='ocrx_word' id='word_1_245' title='bbox 524 3262 718 3332; x_wconf 89' lang='lat' dir='ltr'>documenta,</span> <span class='ocrx_word' id='word_1_246' title='bbox 748 3281 824 3340; x_wconf 89' lang='lat' dir='ltr'>quae</span> <span class='ocrx_word' id='word_1_247' title='bbox 839 3263 941 3322; x_wconf 87' lang='lat' dir='ltr'>omnia</span> <span class='ocrx_word' id='word_1_248' title='bbox 954 3260 1005 3321; x_wconf 88' lang='lat' dir='ltr'>hie</span> <span class='ocrx_word' id='word_1_249' title='bbox 1029 3279 1209 3320; x_wconf 89' lang='lat' dir='ltr'>enumerare</span> <span class='ocrx_word' id='word_1_250' title='bbox 1229 3263 1319 3320; x_wconf 90' lang='lat' dir='ltr'>nimis</span> <span class='ocrx_word' id='word_1_251' title='bbox 1337 3259 1395 3316; x_wconf 94' lang='lat' dir='ltr'>ion·</span> 
     </span>
     <span class='ocr_line' id='line_1_30' title="bbox 194 3342 1396 3445; baseline -0.007 -20"><span class='ocrx_word' id='word_1_252' title='bbox 194 3383 269 3445; x_wconf 83' lang='lat' dir='ltr'>gum</span> <span class='ocrx_word' id='word_1_253' title='bbox 285 3365 376 3434; x_wconf 86' lang='lat' dir='ltr'>ieret,</span> <span class='ocrx_word' id='word_1_254' title='bbox 398 3365 447 3423; x_wconf 81' lang='lat' dir='ltr'>cui</span> <span class='ocrx_word' id='word_1_255' title='bbox 463 3373 625 3442; x_wconf 88' lang='lat' dir='ltr'>propterea</span> <span class='ocrx_word' id='word_1_256' title='bbox 638 3368 730 3426; x_wconf 88' lang='lat' dir='ltr'>etiam</span> <span class='ocrx_word' id='word_1_257' title='bbox 751 3365 987 3444; x_wconf 84' lang='lat' dir='ltr'>supersedemus</span> <span class='ocrx_word' id='word_1_258' title='bbox 1002 3363 1111 3432; x_wconf 88' lang='lat' dir='ltr'>iabori,</span> <span class='ocrx_word' id='word_1_259' title='bbox 1133 3342 1224 3440; x_wconf 82' lang='lat' dir='ltr'>quum</span> <span class='ocrx_word' id='word_1_260' title='bbox 1237 3361 1396 3436; x_wconf 86' lang='lat' dir='ltr'>investiga·</span> 
     </span>
     <span class='ocr_line' id='line_1_31' title="bbox 192 3468 1395 3547; baseline -0.008 -17"><span class='ocrx_word' id='word_1_261' title='bbox 192 3470 289 3530; x_wconf 88' lang='lat' dir='ltr'>tionis</span> <span class='ocrx_word' id='word_1_262' title='bbox 309 3469 438 3528; x_wconf 86' lang='lat' dir='ltr'>amatori</span> <span class='ocrx_word' id='word_1_263' title='bbox 456 3468 575 3546; x_wconf 89' lang='lat' dir='ltr'>amplus</span> <span class='ocrx_word' id='word_1_264' title='bbox 595 3470 627 3529; x_wconf 89' lang='lat' dir='ltr'>iu</span> <span class='ocrx_word' id='word_1_265' title='bbox 648 3470 715 3546; x_wconf 90' lang='lat' dir='ltr'>ipso</span> <span class='ocrx_word' id='word_1_266' title='bbox 738 3471 901 3529; x_wconf 86' lang='lat' dir='ltr'>tentamine</span> <span class='ocrx_word' id='word_1_267' title='bbox 915 3469 1117 3547; x_wconf 77' lang='lat' dir='ltr'>grammatico</span> <span class='ocrx_word' id='word_1_268' title='bbox 1142 3475 1244 3544; x_wconf 86' lang='lat' dir='ltr'>pateat</span> <span class='ocrx_word' id='word_1_269' title='bbox 1267 3479 1395 3540; x_wconf 85' lang='lat' dir='ltr'>campus.</span> 
     </span>
     <span class='ocr_line' id='line_1_32' title="bbox 193 3551 1396 3650; baseline -0.012 -16"><span class='ocrx_word' id='word_1_270' title='bbox 193 3573 281 3634; x_wconf 82' lang='lat' dir='ltr'>Haec</span> <span class='ocrx_word' id='word_1_271' title='bbox 295 3574 461 3633; x_wconf 88' lang='lat' dir='ltr'>omnia-sat</span> <span class='ocrx_word' id='word_1_272' title='bbox 475 3572 558 3631; x_wconf 88' lang='lat' dir='ltr'>ciere</span> <span class='ocrx_word' id='word_1_273' title='bbox 573 3572 788 3650; x_wconf 87' lang='lat' dir='ltr'>evidenterque</span> <span class='ocrx_word' id='word_1_274' title='bbox 805 3573 1025 3642; x_wconf 89' lang='lat' dir='ltr'>demonstrant,</span> <span class='ocrx_word' id='word_1_275' title='bbox 1046 3590 1105 3631; x_wconf 92' lang='lat' dir='ltr'>non</span> <span class='ocrx_word' id='word_1_276' title='bbox 1120 3551 1176 3629; x_wconf 75' lang='lat' dir='ltr'>suis</span> <span class='ocrx_word' id='word_1_277' title='bbox 1190 3569 1328 3630; x_wconf 90' lang='lat' dir='ltr'>barbaris</span> <span class='ocrx_word' id='word_1_278' title='bbox 1342 3568 1396 3623; x_wconf 87' lang='lat' dir='ltr'>Re·</span> 
     </span>
     <span class='ocr_line' id='line_1_33' title="bbox 136 3671 1396 3759; baseline -0.004 -22"><span class='ocrx_word' id='word_1_279' title='bbox 136 3745 137 3752; x_wconf 8' lang='grc' dir='ltr'>ἵ</span> <span class='ocrx_word' id='word_1_280' title='bbox 194 3679 306 3759; x_wconf 80' lang='lat' dir='ltr'>gibus,</span> <span class='ocrx_word' id='word_1_281' title='bbox 329 3675 384 3735; x_wconf 91' lang='lat' dir='ltr'>sed</span> <span class='ocrx_word' id='word_1_282' title='bbox 399 3675 456 3734; x_wconf 82' lang='lat' dir='ltr'>sui&gt;</span> <span class='ocrx_word' id='word_1_283' title='bbox 474 3676 608 3752; x_wconf 88' lang='lat' dir='ltr'>propriis</span> <span class='ocrx_word' id='word_1_284' title='bbox 622 3676 859 3759; x_wconf 79' lang='lat' dir='ltr'>imperatoribus</span> <span class='ocrx_word' id='word_1_285' title='bbox 874 3693 963 3734; x_wconf 91' lang='lat' dir='ltr'>suum</span> <span class='ocrx_word' id='word_1_286' title='bbox 980 3674 1147 3734; x_wconf 88' lang='lat' dir='ltr'>stabilitum</span> <span class='ocrx_word' id='word_1_287' title='bbox 1160 3675 1257 3733; x_wconf 85' lang='lat' dir='ltr'>inisse</span> <span class='ocrx_word' id='word_1_288' title='bbox 1273 3671 1396 3732; x_wconf 72' lang='lat' dir='ltr'>idioma,</span> 
     </span>
     <span class='ocr_line' id='line_1_34' title="bbox 196 3773 1397 3860; baseline -0.01 -20"><span class='ocrx_word' id='word_1_289' title='bbox 196 3784 324 3860; x_wconf 91' lang='lat' dir='ltr'>eiusque</span> <span class='ocrx_word' id='word_1_290' title='bbox 341 3780 563 3848; x_wconf 88' lang='lat' dir='ltr'>evolutionem,</span> <span class='ocrx_word' id='word_1_291' title='bbox 584 3796 643 3840; x_wconf 91' lang='lat' dir='ltr'>non</span> <span class='ocrx_word' id='word_1_292' title='bbox 667 3778 724 3838; x_wconf 85' lang='lat' dir='ltr'>sui)</span> <span class='ocrx_word' id='word_1_293' title='bbox 740 3779 940 3840; x_wconf 86' lang='lat' dir='ltr'>harbarorum</span> <span class='ocrx_word' id='word_1_294' title='bbox 959 3780 1055 3858; x_wconf 79' lang='lat' dir='ltr'>jngo3</span> <span class='ocrx_word' id='word_1_295' title='bbox 1086 3778 1140 3838; x_wconf 89' lang='lat' dir='ltr'>sed</span> <span class='ocrx_word' id='word_1_296' title='bbox 1159 3777 1286 3838; x_wconf 77' lang='lat' dir='ltr'>durante</span> <span class='ocrx_word' id='word_1_297' title='bbox 1303 3773 1397 3848; x_wconf 89' lang='lat' dir='ltr'>reipu-</span> 
     </span>
     <span class='ocr_line' id='line_1_35' title="bbox 152 3879 1106 3960; baseline 0.002 -16"><span class='ocrx_word' id='word_1_298' title='bbox 152 3939 154 3944; x_wconf 91' lang='lat'><em>.</em></span> <span class='ocrx_word' id='word_1_299' title='bbox 195 3884 294 3945; x_wconf 89' lang='lat' dir='ltr'>blicae</span> <span class='ocrx_word' id='word_1_300' title='bbox 309 3885 449 3944; x_wconf 87' lang='lat' dir='ltr'>libertate</span> <span class='ocrx_word' id='word_1_301' title='bbox 465 3884 573 3942; x_wconf 88' lang='lat' dir='ltr'>saitem</span> <span class='ocrx_word' id='word_1_302' title='bbox 590 3879 702 3960; x_wconf 80' lang='lat' dir='ltr'>magna</span> <span class='ocrx_word' id='word_1_303' title='bbox 715 3901 754 3941; x_wconf 86' lang='lat' dir='ltr'>ex</span> <span class='ocrx_word' id='word_1_304' title='bbox 769 3893 856 3960; x_wconf 91' lang='lat' dir='ltr'>parte</span> <span class='ocrx_word' id='word_1_305' title='bbox 870 3885 980 3943; x_wconf 86' lang='lat' dir='ltr'>iactam</span> <span class='ocrx_word' id='word_1_306' title='bbox 996 3884 1106 3947; x_wconf 85' lang='lat' dir='ltr'>inisse.</span> 
     </span>
    </p>

    <p class='ocr_par' dir='ltr' id='par_1_3' title="bbox 195 3982 1398 4378">
     <span class='ocr_line' id='line_1_36' title="bbox 296 3982 1397 4064; baseline -0.007 -18"><span class='ocrx_word' id='word_1_307' title='bbox 296 3986 453 4046; x_wconf 83' lang='lat' dir='ltr'>Historiee</span> <span class='ocrx_word' id='word_1_308' title='bbox 466 4005 541 4046; x_wconf 86' lang='lat' dir='ltr'>vero</span> <span class='ocrx_word' id='word_1_309' title='bbox 555 3985 714 4062; x_wconf 80' lang='lat' dir='ltr'>probatum</span> <span class='ocrx_word' id='word_1_310' title='bbox 732 3995 790 4056; x_wconf 86' lang='lat' dir='ltr'>est,</span> <span class='ocrx_word' id='word_1_311' title='bbox 811 3987 972 4046; x_wconf 85' lang='lat' dir='ltr'>Romanos</span> <span class='ocrx_word' id='word_1_312' title='bbox 987 3987 1022 4044; x_wconf 89' lang='lat' dir='ltr'>in</span> <span class='ocrx_word' id='word_1_313' title='bbox 1037 3995 1165 4064; x_wconf 87' lang='lat' dir='ltr'>utraque</span> <span class='ocrx_word' id='word_1_314' title='bbox 1177 3983 1273 4043; x_wconf 88' lang='lat' dir='ltr'>Dacia</span> <span class='ocrx_word' id='word_1_315' title='bbox 1291 3982 1397 4058; x_wconf 77' lang='lat' dir='ltr'>degen-</span> 
     </span>
     <span class='ocr_line' id='line_1_37' title="bbox 196 4083 1398 4168; baseline -0.008 -18"><span class='ocrx_word' id='word_1_316' title='bbox 196 4099 257 4160; x_wconf 87' lang='lat' dir='ltr'>tes,</span> <span class='ocrx_word' id='word_1_317' title='bbox 277 4091 405 4168; x_wconf 77' lang='lat' dir='ltr'>vulgare</span> <span class='ocrx_word' id='word_1_318' title='bbox 423 4110 512 4150; x_wconf 90' lang='lat' dir='ltr'>suum</span> <span class='ocrx_word' id='word_1_319' title='bbox 528 4089 656 4159; x_wconf 85' lang='lat' dir='ltr'>idioma,</span> <span class='ocrx_word' id='word_1_320' title='bbox 674 4087 737 4166; x_wconf 83' lang='lat' dir='ltr'>jam</span> <span class='ocrx_word' id='word_1_321' title='bbox 753 4090 875 4150; x_wconf 90' lang='lat' dir='ltr'>saeculo</span> <span class='ocrx_word' id='word_1_322' title='bbox 888 4099 995 4168; x_wconf 88' lang='lat' dir='ltr'>quarto</span> <span class='ocrx_word' id='word_1_323' title='bbox 1011 4091 1128 4152; x_wconf 86' lang='lat' dir='ltr'>locutos</span> <span class='ocrx_word' id='word_1_324' title='bbox 1144 4088 1253 4152; x_wconf 82' lang='lat' dir='ltr'>fuisse.</span> <span class='ocrx_word' id='word_1_325' title='bbox 1273 4083 1398 4144; x_wconf 85' lang='lat' dir='ltr'>Mentio-</span> 
     </span>
     <span class='ocr_line' id='line_1_38' title="bbox 198 4183 1398 4288; baseline -0.008 -34"><span class='ocrx_word' id='word_1_326' title='bbox 198 4212 268 4288; x_wconf 80' lang='lat' dir='ltr'>uem</span> <span class='ocrx_word' id='word_1_327' title='bbox 289 4195 369 4254; x_wconf 89' lang='lat' dir='ltr'>euim</span> <span class='ocrx_word' id='word_1_328' title='bbox 384 4193 476 4256; x_wconf 86' lang='lat' dir='ltr'>huius</span> <span class='ocrx_word' id='word_1_329' title='bbox 497 4197 543 4256; x_wconf 82' lang='lat' dir='ltr'>rei</span> <span class='ocrx_word' id='word_1_330' title='bbox 563 4197 637 4256; x_wconf 82' lang='lat' dir='ltr'>iacit</span> <span class='ocrx_word' id='word_1_331' title='bbox 648 4194 776 4254; x_wconf 83' lang='lat' dir='ltr'>Priscus</span> <span class='ocrx_word' id='word_1_332' title='bbox 789 4195 1037 4278; x_wconf 84' lang='lat' dir='ltr'>Grammaticus,</span> <span class='ocrx_word' id='word_1_333' title='bbox 1059 4195 1089 4252; x_wconf 89' lang='lat' dir='ltr'>iu</span> <span class='ocrx_word' id='word_1_334' title='bbox 1106 4211 1163 4252; x_wconf 90' lang='lat' dir='ltr'>sua</span> <span class='ocrx_word' id='word_1_335' title='bbox 1176 4187 1346 4270; x_wconf 77' lang='lat' dir='ltr'>Legatiene</span> <span class='ocrx_word' id='word_1_336' title='bbox 1364 4183 1398 4244; x_wconf 91' lang='lat' dir='ltr'>ad</span> 
     </span>
     <span class='ocr_line' id='line_1_39' title="bbox 195 4290 1398 4378; baseline -0.012 -17"><span class='ocrx_word' id='word_1_337' title='bbox 195 4300 322 4361; x_wconf 72' lang='lat' dir='ltr'>Attilam</span> <span class='ocrx_word' id='word_1_338' title='bbox 336 4300 470 4378; x_wconf 79' lang='lat' dir='ltr'>Regem,</span> <span class='ocrx_word' id='word_1_339' title='bbox 499 4309 569 4361; x_wconf 86' lang='lat' dir='ltr'>tuuc</span> <span class='ocrx_word' id='word_1_340' title='bbox 593 4301 676 4363; x_wconf 89' lang='lat' dir='ltr'>circa</span> <span class='ocrx_word' id='word_1_341' title='bbox 696 4298 898 4376; x_wconf 79' lang='lat' dir='ltr'>Parthyscum</span> <span class='ocrx_word' id='word_1_342' title='bbox 923 4298 1071 4361; x_wconf 86' lang='lat' dir='ltr'>stationes</span> <span class='ocrx_word' id='word_1_343' title='bbox 1093 4293 1268 4370; x_wconf 88' lang='lat' dir='ltr'>habentem,</span> <span class='ocrx_word' id='word_1_344' title='bbox 1297 4290 1398 4352; x_wconf 87' lang='lat' dir='ltr'>distin·</span> 
     </span>
    </p>
   </div>
   <div class='ocr_carea' id='block_1_3' title="bbox 0 0 1481 4860">
    <p class='ocr_par' dir='ltr' id='par_1_4' title="bbox 0 0 1481 4860">
     <span class='ocr_line' id='line_1_40' title="bbox 0 0 1481 4860; baseline 0 0"><span class='ocrx_word' id='word_1_345' title='bbox 0 0 1481 4860; x_wconf 95' lang='lat' dir='ltr'> </span> 
     </span>
    </p>
   </div>
  </div>
 </body>
</html>
