2930 4860
130 312 134 322 ,
195 261 304 329 rtxmr
336 329 339 340 ,

195 413 330 490 perimus
351 409 652 474 consecrationema
672 409 831 470 sanctitate
854 419 918 486 tua,
940 427 1002 470 nou
1027 409 1137 470 dabunt
1159 409 1232 470 mihi
1253 409 1396 472 chrisma.

194 515 232 574 Et
251 515 333 576 aliud
354 524 424 594 peto
445 533 465 574 a
485 513 647 577 sanctitate
676 520 745 581 tua.
774 521 808 572 ut
827 513 929 572 mittas
956 513 1146 576 cardinalem
1171 512 1208 572 ad
1237 513 1396 591 imperium

194 636 305 684 meum,
327 633 382 678 scu
404 619 509 690 istum,
532 617 583 694 qui
603 617 686 677 venit
708 615 744 676 ad
767 635 825 684 me,
848 597 1026 676 sirc'alium
1049 637 1067 676 a
1088 617 1159 677 sede
1182 619 1399 696 apostolicam

195 722 250 780 des
271 724 301 780 ei
322 721 459 782 diadema
488 703 694 796 etssscept'rum
717 719 883 780 secundum
905 721 1088 798 apostolicae
1110 722 1192 780 sedis
1214 721 1248 780 'et
1268 723 1400 800 Aposto-

194 826 293 884 lorum
314 827 460 903 principis
481 824 730 918 benedictionem,
752 832 784 881 et
806 825 907 892 mittas
929 825 1125 903 privilegium
1139 825 1283 884 bullatum
1304 844 1401 885 aurea

193 927 275 988 bulla
292 929 330 988 ad
342 930 497 1006 exemplar
509 929 606 1004 ipsius
629 927 811 986 servandum
832 937 979 1004 perpetuo
1001 930 1030 987 iu
1042 929 1181 988 Ecclesia
1189 931 1350 990 Trinovae.
1359 931 1402 988 Et

193 1031 269 1093 haee
281 1033 595 1109 omniadentimperio
605 1050 684 1106 meo,
694 1039 725 1090 et
738 1040 921 1090 consecrent
931 1033 1280 1110 etcoronentimperium
1288 1051 1401 1093 meum.

193 1137 303 1196 Dmnia
317 1147 416 1198 eutem
427 1136 580 1214 praedicta
590 1135 669 1194 mitti
678 1133 787 1194 delient
799 1135 837 1194 ad
849 1136 1010 1212 imperium
1021 1155 1146 1222 cucuma
1160 1138 1319 1198 sanctitate
1335 1146 1401 1200 tua.

193 1242 307 1300 Videat
315 1252 463 1318 praescus
478 1241 602 1299 nuntius
615 1242 785 1318 Episcopus
797 1240 1092 1302 Brendiauberensis
1106 1245 1241 1320 Blasius,
1254 1253 1289 1302 nt
1301 1245 1404 1320 possit

145 1337 158 1410 ’,
193 1347 324 1414 reterre,
346 1344 417 1423 quid
438 1353 471 1404 tu
493 1345 661 1419 scripseris
680 1363 771 1404 manu
791 1347 924 1422 propria.
947 1347 986 1405 Et
1005 1347 1034 1406 si
1056 1341 1130 1405 haec
1145 1349 1244 1406 omnia
1258 1347 1403 1424 impleve-

195 1451 236 1510 rit
256 1450 403 1508 sanctitas
424 1457 487 1517 tua,
509 1448 551 1506 ito
572 1446 717 1524 reputabo
741 1465 808 1506 cum
831 1449 975 1526 prosapia
995 1449 1116 1525 imperii
1138 1452 1198 1510 mei
1220 1459 1250 1510 et
1267 1449 1402 1509 omnium

195 1555 358 1615 Blacorum
380 1561 411 1611 ct
430 1552 646 1629 Bulgarorum,
669 1551 748 1629 qnod
769 1570 875 1610 sumus
891 1551 992 1625 dilecti
1004 1552 1059 1612 lilii
1075 1553 1261 1628 orthodoxae
1277 1563 1404 1614 sanotae

195 1663 349 1720 Romanae
369 1655 535 1720 Ecclesiae.
557 1656 595 1714 Et
615 1654 652 1712 de
674 1655 802 1725 confinio
825 1655 997 1734 Ungariae‚
1018 1657 1185 1740 Bulgariae
1206 1669 1237 1718 et
1257 1659 1403 1736 Blaciae‚

195 1765 333 1839 relinquo
349 1759 465 1834 judicio
486 1759 658 1818 emacitatis
680 1767 769 1828 tuae,
790 1767 824 1818 ut
845 1760 962 1838 dirigas
983 1761 1141 1838 negotium
1162 1762 1248 1821 istud·
1265 1771 1348 1824 recte
1371 1771 1404 1820 et

190 1867 291 1941 juste,
312 1873 347 1924 ut
366 1881 426 1922 non
449 1862 557 1922 habeat
578 1871 734 1938 peccatum
756 1863 857 1921 anima
878 1865 1049 1926 sanctitatis
1070 1874 1157 1936 tuae,
1178 1875 1209 1948 et
1229 1866 1271 1928 ita
1291 1863 1406 1924 habeat

136 2035 147 2062 ·
194 1969 354 2046 imperium
375 1985 475 2026 meum
491 1964 629 2054 justitias
651 1965 816 2044 Bulgariae
838 1976 869 2026 ct
888 1968 1033 2038 Blaciae,
1055 1968 1134 2046 quod
1155 1971 1223 2028 Rex
1245 1969 1403 2048 chariac

109 2109 111 2112 -
194 2072 305 2134 hebeat
328 2069 467 2144 justitias
488 2068 660 2148 lingulae,
689 2077 720 2127 et
746 2079 870 2130 cessent
898 2072 1068 2132 occisiones
1098 2071 1341 2132 Christianorum
1355 2073 1403 2152 ,in

195 2194 244 2236 me
265 2184 297 2234 ct
316 2173 490 2249 imperium.
521 2171 606 2230 Sciat
627 2180 726 2231 sutem
749 2174 896 2234 sanctitas
917 2183 984 2244 tua,
1020 2176 1098 2252 quod
1122 2178 1253 2256 quinque
1275 2177 1402 2254 Episco-

195 2285 284 2355 patus
304 2273 470 2352 Bulgariae
491 2274 643 2350 pertinent
663 2273 699 2332 ad
722 2275 882 2352 imperium
903 2294 1020 2346 meum,
1043 2299 1119 2356 quos
1141 2282 1255 2350 invasit
1277 2290 1308 2340 et
1326 2280 1402 2339 deti·

66 2401 82 2424 ·
151 2397 153 2404 ’
196 2369 327 2442 uetRc'n
340 2377 493 2456 Ungariac
513 2394 581 2436 cum
599 2377 729 2452 justitiis
747 2379 970 2452 Ecclesiarum3
993 2393 1024 2442 et
1040 2385 1099 2460 ipsi
1114 2385 1314 2462 Episcopatus
1330 2393 1405 2443 sunt

196 2482 365 2552 annihilati,
386 2489 418 2540 et
438 2481 466 2540 si
483 2480 600 2556 justum
621 2490 671 2540 est
691 2481 749 2544 hoc
770 2483 834 2545 fiat.
855 2483 1003 2563 Quicquid
1025 2487 1161 2551 dicturus
1184 2498 1232 2548 est
1253 2481 1405 2565 praesens

196 2589 319 2650 nuntius
347 2586 468 2666 imperii
497 2586 556 2644 mei
584 2586 754 2662 Episcopus
782 2589 1079 2651 Brandlaultercnsis
1100 2580 1225 2652 Blasius
1248 2594 1406 2654 sanctitati

197 2703 276 2761 tuac,
298 2689 410 2748 habeas
432 2707 549 2757 veruna
573 2689 715 2766 quoniam
735 2707 775 2750 ex
795 2700 882 2768 parte
902 2711 970 2754 mea
991 2694 1079 2756 dicet.

296 2794 373 2852 Dum
394 2801 494 2852 autem
507 2793 676 2870 Episcopus
697 2801 728 2854 et
749 2794 929 2870 capellanus
950 2799 1150 2876 praedictiad
1163 2803 1266 2862 sedem
1282 2811 1407 2880 aposto·

198 2895 335 2958 stolicam
356 2895 578 2972 pervenissent,
600 2897 750 2954 Dominus
765 2899 847 2976 Papa
862 2900 1067 2989 eos-benigne
1089 2907 1235 2984 mascepit,
1256 2915 1287 2966 et
1308 2923 1407 2981 super

196 2998 390 3080 petitionibus
413 2999 558 3075 saepefati
566 2997 714 3058 Joaunitii
730 3015 786 3076 pcr
800 3003 925 3064 eundem
942 3006 1335 3094 Episcopumpraesentatis
1351 3008 1407 3066 ha-

117 3189 120 3194 ,
196 3105 258 3166 bito
279 3102 417 3179 diligenti
438 3110 587 3172 tractatu,
609 3106 766 3164 coustituit
788 3125 856 3168 eum
877 3110 995 3188 Regem
1016 3111 1180 3170 Blacorum
1200 3121 1230 3172 st
1250 3112 1408 3188 Bulgaro·

199 3226 276 3277 rum,
297 3206 419 3264 mittens
441 3205 487 3266 ad,
500 3213 568 3264 eum
589 3208 724 3268 Leonem
747 3210 826 3270 tituli
848 3214 1318 3292 sanctaeDrucisPrcslryterum
1329 3215 1408 3274 Gar·

197 3312 324 3374 dinalem
346 3309 532 3386 apostolicae
555 3311 637 3371 sedis
658 3313 819 3392 Legatum,
842 3323 873 3376 et
893 3333 948 3392 per
969 3317 1068 3393 ipsum
1091 3331 1245 3398 sceptrum
1263 3320 1409 3398 regniac

194 3417 317 3494 regium
339 3412 486 3576 gadem,
507 3421 541 3472 ut
561 3415 688 3474 cundem
709 3419 777 3478 vice
800 3420 911 3478 summi
931 3421 1089 3480 Pontificio
1112 3431 1242 3502 ungeret
1263 3432 1294 3482 et
1315 3440 1409 3482 coro·

198 3527 286 3580 naret
304 3519 335 3576 in
373 3535 472 3594 egem,
494 3521 682 3579 transmisso
691 3523 858 3598 apostolico
871 3524 1034 3604 privilegio
1047 3525 1133 3582 cuius
1150 3535 1238 3586 tenor
1249 3527 1320 3586 talis
1336 3537 1407 3586 est:

216 3655 220 3662 ·
298 3619 495 3694 calojohanni
516 3621 630 3682 illustri
651 3625 858 3702 Bulgarorum
879 3637 911 3687 et
930 3629 1094 3688 Blacorum
1105 3629 1196 3709 Regi,
1208 3631 1335 3710 eiusque
1351 3650 1410 3708 po·

199 3725 291 3806 cteris
312 3724 342 3782 ei
363 3732 424 3784 tam
445 3724 475 3782 in
495 3743 592 3804 regno
620 3745 710 3804 quam
731 3729 761 3786 in
785 3730 944 3792 devotione
966 3734 1049 3794 sedis
1072 3735 1256 3810 apostolicae
1279 3753 1410 3794 succes·

154 3886 156 3892 .
198 3831 282 3890 suris
308 3830 338 3906 in
365 3837 554 3920 perpetuum.
584 3832 652 3890 Rex
680 3833 800 3911 llegum
829 3843 860 3894 ct
884 3837 1033 3898 Dominus
1056 3833 1283 3900 Dominautium
1304 3839 1409 3898 Jesus

199 3935 340 3995 Christus
350 3932 727 4013 Sacerdos...(chuitur
747 3937 879 4011 lormula
899 3944 1234 4020 gencralisaliomanis
1248 3944 1447 4020 Pontifici-„¹

198 4037 255 4097 ltus
271 4037 300 4095 in
323 4037 518 4098 coronatione
539 4039 659 4117 Regum
682 4038 868 4124 observata).
878 4043 953 4104 (ium
962 4065 1001 4106 ex
1009 4057 1170 4124 praecepto
1183 4048 1306 4106 Domini
1330 4066 1408 4106 oves

199 4141 265 4200 cius
287 4156 413 4216 pascere
434 4149 590 4200 teneamur
611 4143 730 4220 populis
752 4145 960 4225 Balgarorum
982 4161 1013 4210 et
1033 4153 1207 4227 Blacorum,
1231 4153 1283 4229 qui
1305 4152 1408 4232 multo

196 4243 258 4321 jam
279 4251 416 4320 tempore
435 4241 474 4300 ab
496 4243 638 4304 uberibus
660 4248 768 4308 matris
789 4267 863 4310 suae
876 4253 1005 4316 'alienati
1023 4257 1161 4323 luerunt,
1183 4255 1214 4314 in
1237 4253 1409 4332 spirituali·
