2904 4864
471 323 618 400 syntaxis
639 320 824 384 Verborum.
1038 319 1040 324 ’
1193 323 1257 390 263

402 493 590 600 Tempora
613 493 893 601 periphrastica.

152 667 331 742 Temporum
366 665 659 744 periphrasticorum
691 685 745 724 seu
781 664 1020 742 compositorum
1048 667 1152 726 eadem
1174 671 1254 728 ratio

67 780 120 844 ert,
140 789 212 847 quae
230 757 430 847 simplicium,
453 777 484 828 'et
503 772 613 828 maiori
630 772 660 830 in
681 789 738 829 usu
755 781 827 858 sunt
846 772 876 828 in
893 769 1065 848 quotidiano
1092 791 1254 854 serqnone,

67 873 125 934 licet
144 893 268 934 onerosa
291 875 372 944 sint,
402 884 432 932 et
454 889 510 932 sua
532 874 708 950 prolixitate
726 871 893 948 orationem
912 875 995 933 omni
1013 877 1165 952 elegantia
1186 893 1255 952 spo-

65 977 148 1054 leant,
175 989 205 1037 et
224 997 304 1058 vago
328 989 506 1054 conceptum
533 979 722 1054 exprimendi
750 978 857 1054 modo,
888 979 970 1040 omni
994 965 1185 1054 praecisione
1207 997 1254 1037 ca·

66 1087 366 1162 reant3'quapropter
390 1082 420 1139 in
444 1073 804 1158 elegantiori'scrihendi
829 1081 900 1138 stilo
927 1099 986 1140 non
1010 1092 1081 1140 sunt
1104 1099 1254 1142 commen·

65 1183 159 1257 danda,
188 1188 351 1263 praecipue
373 1177 465 1264 quum
490 1187 590 1244 adsint
609 1186 780 1263 simplicia,
804 1183 912 1262 quibus
932 1186 1061 1262 quodvis
1083 1195 1202 1264 tempus
1225 1195 1255 1244 et
1296 1173 1302 1188 ’

65 1288 145 1362 quivis
161 1290 269 1350 modus
289 1291 424 1350 maxima
437 1308 506 1348 eum
519 1291 711 1352 accuratione
724 1289 853 1366 exprimi
867 1297 975 1364 potest.

143 1430 440 1507 Periphraaticorum
462 1433 583 1508 itaque:

144 1556 170 1620 1.
198 1556 405 1644 Praeteritum
426 1557 595 1632 periectqm
617 1551 832 1637 (compositum
858 1558 993 1629 scilicet)
1021 1555 1165 1633 exprimit
1187 1555 1253 1615 rem
1277 1526 1279 1536 Ι

73 1665 120 1716 ante
133 1667 240 1735 actam,
264 1669 295 1720 et
310 1659 527 1736 quodammodo
542 1659 821 1730 indeterminatam
844 1683 870 1724 e.
893 1682 924 1740 g.

69 1775 168 1842 Alema
187 1783 307 1842 cedato
332 1801 393 1862 pra
420 1784 629 1862 imperatoria
651 1785 793 1846 Vidiru'us
814 1789 1039 1866 imperatorem.

95 1882 142 1950 ’ta
287 1889 290 1902 ’
430 1919 433 1926 ,
924 1889 927 1902 '

65 1981 120 2055 (hee
137 1989 219 2050 odedi
234 1992 357 2067 facula
370 1926 459 2068 kpinu
481 1951 626 2054 ananei?
648 1994 725 2068 Quid
747 1995 866 2054 lecistis
880 1967 1043 2052 'hoedumt
1159 2053 1166 2064 ,

61 2086 183 2154 licta-li
213 2093 268 2154 abi
287 2091 489 2169 'arpenta’tu
510 2115 572 2176 que
602 2099 626 2158 tt
646 2098 767 2158 Dedisti
791 2099 841 2176 illi
867 2099 1049 2172 pecuniam,
1078 2114 1168 2177 quam
1196 2095 1251 2156 tibi

92 2194 294 2262 macerarere?
323 2219 327 2226 ’
415 2261 423 2272 ,
688 2203 921 2284 reliqueramus.

1116 1945 1208 1978 et,

61 2295 125 2359 Tota
145 2291 325 2382 reptirnoaa
347 2319 394 2360 nu
418 2301 443 2360 ti
466 2304 543 2376 abiu
567 2322 624 2377 ce·
645 2309 754 2366 Totam
791 2306 990 2382 septimanam
1026 2321 1085 2364 non
1118 2302 1250 2361 vidimus
1334 2292 1362 2344 ἰ

90 2403 169 2468 duta.
277 2455 279 2462 .
686 2411 773 2470 illos.-
817 2455 820 2465 .

57 2499 117 2568 Ata
142 2514 244 2596 capitu
271 2511 344 2573 d'r'n
365 2529 444 2572 caea
473 2512 545 2578 aiae
572 2512 623 2574 di-
642 2514 748 2574 univit
774 2511 892 2606 damop
910 2511 985 2590 quin
1005 2509 1132 2570 verbum
1155 2475 1269 2568 dixis-¹

88 2629 153 2674 cere
179 2633 249 2678 una
271 2615 391 2678 carbo.¹
495 2692 498 2708 ‚
524 2673 527 2680 ,
686 2625 762 2694 oet.¹

138 2759 167 2822 2.
185 2763 393 2820 Praeteritum
414 2761 756 2838 plusquamperfectum
770 2762 868 2820 active
885 2761 1125 2837 (cumauxiliari
1138 2759 1249 2832 abere)

57 2868 242 2940 compositum
265 2869 296 2925 in
315 2867 403 2943 pleno
424 2877 472 2925 est
497 2885 555 2923 usu
579 2865 656 2942 apud
676 2866 835 2925 Aureliani
855 2867 970 2924 Daciae
993 2866 1126 2933 incolas,
1148 2865 1248 2922 Ultra·
1307 2915 1310 2924 .

59 2959 198 3028 danubiani
216 2979 318 3027 autem
332 2971 512 3045 plerumque
529 2988 565 3026 co
588 2968 758 3037 abstinent,
781 2977 811 3025 ct
827 2969 877 3025 vel
887 2970 1078 3046 ,neutraliter
1101 2971 1184 3045 (cum
1199 2988 1250 3028 au·

61 3067 138 3129 uitiari
157 3053 236 3149 stre)
261 3073 526 3148 compositofvel
548 3083 737 3153 exaggerato
762 3081 904 3142 utuntur,
935 3081 984 3134 ast
1006 3091 1077 3130 raro
1100 3073 1166 3132 sine
1187 3091 1248 3154 aur·

58 3163 196 3246 diguitatis
214 3177 370 3253 periculo;
393 3169 461 3234 na'm
481 3187 543 3234 tam
557 3179 642 3253 prius
658 3195 747 3254 quam
764 3178 919 3253 posterius
943 3178 973 3234 in
990 3175 1115 3234 Verbis·
1127 3177 1246 3254 quidem

54 3280 152 3336 neutris
182 3291 252 3356 apte
280 3290 391 3340 statum
421 3281 580 3358 plusquam
607 3282 777 3356 perfectum
808 3281 937 3357 indicat,
972 3283 1002 3339 in
1033 3282 1142 3340 activis
1171 3299 1246 3338 voro

53 3382 339 3460 omnino‘passivam
359 3383 498 3462 producit
520 3385 791 3462 significationem
813 3387 873 3454 ita,
895 3405 921 3443 a.
945 3403 975 3463 gr.
997 3363 1175 3460 Equorum
1191 3401 1247 3447 voe
1277 3419 1281 3444 t

50 3481 185 3551 midumai
207 3491 319 3548 inante
338 3489 377 3547 de
394 3507 456 3568 que
478 3489 650 3566 incepueae
671 3507 692 3546 c
710 3491 862 3565 uincere,
892 3493 959 3574 Ego
983 3476 1126 3550 venerem
1146 3489 1246 3563 prius·
1298 3507 1308 3524 .

50 3600 125 3660 quam
142 3595 299 3668 coepisset
317 3595 462 3670 ningere,
485 3603 533 3651 est
553 3594 640 3672 plane
662 3593 739 3650 idem
763 3611 814 3652 ac:
843 3592 919 3668 Epo
943 3594 1086 3670 venirem
1103 3595 1168 3651 moi
1188 3594 1244 3654 ire·-

49 3693 113 3746 unte
131 3695 170 3753 de
191 3713 254 3774 que
277 3699 490 3774 ineepueoeu
506 3699 660 3776 rot'eayere,t
681 3707 730 3754 ast
750 3717 840 3758 veno:
871 3698 1095 3774 Petreioque
1118 3713 1244 3756 mucra
1280 3739 1283 3746 .

46 3797 197 3856 ceruinam
219 3801 352 3876 quanda
374 3807 493 3878 appare
516 3799 595 3858 role’
612 3799 643 3859 le
665 3809 766 3880 potest
789 3787 984 3882 significare:
1010 3802 1123 3862 Petrus
1146 3797 1244 3860 adhuc

47 3909 255 3982 remeaverat,
280 3905 396 3982 quando
419 3906 467 3963 sol
488 3904 614 3972 occidit3
646 3904 699 3962 sed
715 3905 790 3961 nihil
811 3905 949 3980 impedit,
981 3907 1051 3982 quin
1075 3905 1241 3982 algniiicet:

46 3997 149 4068 Petrus
165 4008 263 4074 adhuc
281 4028 340 4070 non
355 4019 422 4070 erat
436 4015 521 4073 satus
546 4008 661 4090 quando
685 4011 731 4072 sol
750 4009 873 4077 occidit3
907 4017 937 4070 et
957 4009 999 4074 ita
1018 4011 1116 4084 primo
1134 4029 1241 4072 sensu:

45 4099 139 4169 Petra
158 4112 260 4190 inquo
278 4131 324 4172 me
342 4109 508 4178 conicere
528 4111 660 4191 quanda
675 4130 791 4190 oppoae
806 4109 943 4186 sole'le,
967 4113 1117 4176 secundo:
1139 4112 1243 4179 Petra
1311 4143 1313 4148 ·

46 4206 135 4286 inquo
157 4231 207 4276 nu
221 4211 267 4290 fui
286 4217 590 4296 seminatuquendu
605 4234 721 4297 crepere
741 4214 876 4301 aotq’te,
899 4215 1038 4294 intellegi
1060 4226 1171 4294 potest.
1193 4218 1242 4275 Si-

48 4311 211 4382 autlando
228 4337 280 4384 rea
297 4337 332 4380 ee
346 4319 523 4414 debetcum
539 4327 746 4400 exaggerato.
768 4335 855 4402 nautor
878 4315 984 4402 Inque
1004 4336 1050 4384 otu
1072 4319 1131 4382 ade
1146 4321 1242 4402 [ordo
