2930 4860
204 315 261 372 xit

204 453 306 516 Dacia
326 449 405 514 bello
427 446 573 514 Decebali
594 449 672 511 viris
693 458 779 538 asset
798 443 964 537 eririusta,
981 449 1136 519 ,Traianus
1149 448 1198 512 ad
1220 449 1415 532 frequentan-

207 559 276 619 dam
296 558 386 628 hanc,
407 557 512 618 decies,
531 545 658 616 centena
678 556 773 615 millia
795 573 938 631 passuum
954 556 985 614 in
1003 557 1132 616 circuitu
1152 556 1323 628 habentem,
1343 577 1420 636 prov

141 681 143 688 ’
206 665 348 731 vinciam,
370 681 409 722 ex
430 669 493 722 toto
515 661 589 722 ¹orbe
610 662 747 722 Romano
769 659 911 722 infinitas
924 679 961 720 ec
982 662 1085 738 copias
1106 643 1421 726 hominumiraustu··

206 769 296 838 ierat,
319 767 355 826 ad
377 785 470 844 agros
493 773 523 824 et
543 764 636 826 urbes
659 761 843 837 eolandaai’,
882 810 885 821 ,

229 913 232 920 .
307 871 506 930 Ptolomaeus
525 870 555 928 in
584 877 640 928 sna
662 865 859 946 Geograpbia
878 865 1013 926 nominat
1031 866 1115 926 ultra
1144 865 1342 946 quadraginta
1362 886 1416 928 ur·

210 973 282 1042 bes,
305 972 675 1050 ranulaliauttngeriaaa
695 971 761 1030 iere
784 969 1009 1048 quinquaginta,
1031 970 1110 1032 haud
1131 981 1234 1032 umen
1254 979 1358 1032 omnes
1376 972 1415 1032 il·

209 1077 257 1139 las
278 1093 461 1144 recensens,
483 1094 558 1154 quaa
579 1076 775 1138 Ptolomaeus
795 1082 940 1142 noverat,
954 1127 957 1136 ,
969 1073 1047 1136 unde
1067 1085 1172 1137 mutua
1191 1076 1273 1136 iacta
1293 1076 1415 1154 supple·

160 1180 164 1190 '
209 1183 293 1244 tiens
314 1183 351 1242 ad
372 1183 575 1262 septuaginta,
597 1165 780 1258 etamplius
800 1179 973 1240 ascendunt.
994 1179 1141 1258 Ulpianus
1162 1163 1192 1238 in
1207 1181 1360 1260 Digestis,
1374 1179 1416 1239 de

210 1285 361 1346 censum
383 1285 477 1345 Libro
498 1287 521 1344 l.
542 1282 571 1365 §a
593 1287 616 1352 8
637 1295 668 1346 et
688 1285 724 1348 a..
744 1283 832 1344 docet
846 1284 985 1361 quinque
999 1284 1213 1361 =.ccmplurium
1233 1283 1343 1355 barum
1363 1300 1419 1344 co·

192 1388 360 1467 ‚Iuniarum
382 1391 480 1452 Italici
496 1388 578 1464 juris
598 1389 716 1450 inisse:
735 1389 793 1458 „ln
814 1387 912 1448 Dacia
933 1404 1051 1480 quqqua
1071 1373 1273 1450 Zernensium
1293 1387 1421 1448 colonia

206 1511 229 1554 a
249 1495 329 1558 Divo
351 1493 484 1554 ll’raiauo
505 1492 647 1562 deducta,
668 1490 751 1566 juris
780 1489 878 1550 Italici
904 1498 963 1554 est.
990 1491 1264 1570 Zarmiaegetlrusa
1294 1487 1433 1570 quoque·

207 1597 345 1675 eiusdem
362 1597 444 1672 juris
465 1605 524 1658 esta
546 1597 619 1656 item
639 1595 828 1673 Napocensis
850 1593 970 1654 colonia
990 1602 1021 1654 et
1040 1595 1219 1673 Apulensis,
1240 1603 1272 1654 et
1292 1595 1421 1656 Patavi·

116 1682 118 1686 ¹
209 1703 347 1762 censium
367 1703 470 1772 vicus,
490 1701 549 1779 'qui
570 1719 588 1760 a
608 1701 688 1760 Divo
711 1699 828 1760 Severo
844 1695 898 1772 jus
920 1697 1055 1758 coloniae
1075 1697 1418 1774 lmp.et1·arit.”lnscri·

208 1807 339 1884 ptioncs,
362 1823 489 1882 quarum
509 1805 591 1874 ultra
610 1804 765 1875 ducentas,
779 1803 810 1860 in
833 1801 899 1860 sola
907 1801 1003 1884 Dacia
1024 1801 1150 1862 eenmali
1171 1801 1311 1862 iuventae
1327 1811 1416 1873 sunt,

154 1933 156 1936 ·
206 1917 358 1970 testantur
379 1910 483 1984 plnres
505 1909 644 1986 insignes
666 1908 806 1966 civitates
821 1904 981 1980 'municipii
997 1903 1069 1979 jure
1090 1905 1348 1971 conualuisse.
1375 1907 1414 1966 ln

88 2026 90 2030 ’
196 1999 257 2078 'nn
278 2017 441 2072 occurrunt
461 2013 583 2070 nomina
604 2029 660 2070 sex
680 2011 854 2088 legionum,
884 2025 962 2084 quae
983 2009 1021 2066 ad
1041 2010 1194 2070 tutandam
1214 2010 1415 2070 Prouinciam

206 2115 244 2179 ab
261 2107 456 2194 Imperatore
477 2117 599 2182 fuerunt
619 2115 811 2180 constitutae,
832 2111 971 2193 scilicet:
992 2112 1017 2170 l.
1038 2113 1221 2183 Adiutricis,
1243 2115 1285 2180 bi.
1307 2107 1416 2182 Mace,-

19 2213 39 2242 ''
89 2235 94 2258 ι
206 2219 349 2289 donicae,
370 2221 426 2278 vl.
447 2218 613 2294 Victricis,
628 2219 704 2297 llll.
727 2216 887 2284 Glaudiae,
907 2215 1012 2276 XXX.
1033 2217 1174 2277 Valentis
1195 2218 1359 2286 victricis,
1376 2226 1412 2278 et

205 2323 455 2402 frequentissima
475 2323 557 2382 xlii.
578 2321 743 2390 Geminae,
764 2321 784 2380 ί.
814 2339 840 2380 e.
870 2339 908 2380 ex
923 2321 1037 2380 duabus
1052 2322 1130 2380 aliis
1142 2323 1304 2397 conflatae3
1328 2338 1412 2399 quae

204 2427 336 2490 testibus
352 2417 460 2486 iisdem
481 2426 684 2486 monumentis
702 2425 797 2484 eiiam
820 2424 952 2488 Gemina
972 2425 1101 2502 Ulpiana
1122 2425 1201 2486 dicta
1221 2433 1276 2486 cst.

296 2515 484 2600 ,Provinciae
505 2528 596 2600 huic,
618 2547 694 2607 quae
715 2531 796 2588 inter
816 2529 965 2607 Augusti,
987 2548 1046 2590 nou
1068 2529 1210 2601 sanatus,
1231 2529 1417 2590 numeraba-

204 2643 255 2696 tur
275 2627 459 2711 provincias,
482 2633 616 2709 adeoque
637 2633 761 2693 militari
783 2633 1009 2710 gubernabatur
1029 2634 1183 2710 modo3et
1199 2635 1295 2692 Dacia
1304 2635 1419 2712 Augu·

204 2747 253 2799 sta
274 2719 500 2814 appellabatur,
529 2737 679 2818 Traianus
701 2737 849 2813 praefecit
868 2737 1103 2814 Propraetcrem
1124 2738 1167 2796 M„
1189 2738 1418 2820 acarnanum,

205 2843 258 2921 qui
279 2842 370 2900 etiam
390 2841 576 2901 Procurator
597 2841 654 2899 luit
675 2840 799 2916 collegii
821 2841 1040 2910 Aurariarnm,
1061 2841 1140 2919 quod
1155 2843 1324 2916 imperator
1339 2850 1419 2902 c'en·

205 2946 347 3008 stituerat
368 2945 404 3004 ad
425 2944 559 3004 laborem
580 2946 789 3023 operariorum
810 2945 1033 3006 metallicoru'm
1052 2944 1252 3022 dirigendum,
1266 2944 1354 3004 cuius
1366 2947 1420 3006 uti

205 3059 246 3109 et.
258 3049 433 3109 officialium
455 3049 590 3108 eiusdem
610 3050 854 3129 praecipuorum,
875 3047 985 3126 neinpe
1002 3048 1155 3125 Praefecti
1176 3049 1242 3108 sive
1257 3029 1422 3109 Procura-

120 3208 129 3238 ,
203 3153 282 3214 teris
302 3161 334 3212 ct
346 3153 482 3230 Patroni,
505 3152 777 3230 suhproouratoris
799 3163 830 3213 et
850 3153 1047 3222 Decurionis,
1067 3154 1199 3230 itemque
1220 3152 1420 3212 Triumviro-

204 3274 273 3318 rum
293 3255 502 3329 Monetalium,
524 3259 705 3318 (iunctorum
725 3259 802 3317 Auri
823 3257 993 3328 Lustrelis,
1009 3257 1029 3318 ί.
1054 3274 1081 3314 e.
1104 3257 1211 3333 quouis
1232 3255 1331 3315 lustro
1346 3257 1422 3316 Ro·

203 3377 284 3422 mam
300 3359 491 3439 deportandi,
514 3372 545 3423 et
560 3362 762 3439 Quaestornm
776 3371 833 3422 etc.
849 3359 1123 3439 frequentissima
1114 3377 1146 3418 m
1160 3357 1316 3474 lapidibus
1325 3376 1423 3420 men·

205 3465 249 3526 tio
264 3466 346 3526 iacta
360 3459 549 3543 reperitur.

306 3570 393 3630 Viae
405 3569 554 3648 lapidibus
574 3579 707 3640 stratae,
729 3587 859 3648 quarum
879 3579 944 3628 tres
965 3565 1136 3628 transibant
1149 3501 1349 3641 Danubium,
1367 3569 1424 3629 uti

204 3671 321 3734 Tabula
334 3673 445 3732 indicat
458 3675 706 3752 Peutiugeriana,
728 3691 782 3750 pet
796 3683 890 3734 totam
900 3669 1101 3732 decurrentes
1114 3669 1312 3748 proviaeiam,
1325 3672 1425 3746 prin·

204 3776 318 3852 cipales
329 3775 498 3854 jungebant
511 3779 661 3858 civitates,
683 3777 997 3854 oondttaajnasittaae,
998 3827 1001 3834 ,
1014 3775 1151 3853 Templa,
1165 3773 1423 3851 amphitheatra,

204 3880 341 3949 Balnea,
362 3881 578 3958 Aquacductus
600 3891 678 3952 etc„
710 3899 838 3960 quorum
859 3881 971 3940 rudera
994 3879 1082 3940 hodie
1094 3897 1224 3978 quoque
1244 3879 1398 3938 visuntur
1407 3923 1424 3959 ,

205 3984 365 4042 florentem
386 3985 442 4043 sub
462 3985 532 4064 dmg
514 3987 612 4045 vastis
641 3987 812 4063 provinciae
834 3985 967 4104 iqdicant
987 3993 1116 4054 statum,
1139 3986 1423 4062 quaeunaempri-

202 4087 261 4151 mia
284 4097 315 4147 et
334 4087 548 4164 pulcherrimis
568 4090 648 4149 vasti
670 4099 736 4148 crat
756 4063 878 4166 imperii
899 4089 1038 4148 Romani.

304 4191 424 4267 Floruit
443 4210 552 4252 verum
573 4191 649 4282 baec
669 4193 828 4271 prouincia
847 4192 885 4252 ab
899 4193 986 4251 Anno
999 4189 1091 4250 Urbis
1108 4187 1245 4250 conditae
1259 4187 1330 4252 859.
1348 4189 1425 4252 Ae·

171 4325 173 4330 ·
205 4312 258 4357 rae
279 4294 418 4375 vulgaris
440 4297 512 4378 106,
534 4299 765 4376 quo.Traianus
787 4316 853 4362 eam
874 4291 1149 4368 taruanensem
1164 4293 1286 4373 optimis
1301 4295 1426 4358 etfor·
