2930 4860
1184 283 1285 362 xxrn

169 447 356 514 Melioribus
372 401 596 526 cognitionibus
612 445 744 506 imbutos
760 445 978 506 doctosltaiiec
993 447 1165 522 reperimus
1177 447 1281 506 viros:

86 549 298 610 Innocentium
318 549 382 616 111.
404 551 592 628 Pontificem
612 549 813 626 Maximum,
840 543 987 612 Actaeam
1007 546 1155 626 Solarium
1176 560 1283 626 potteu
1359 575 1364 584 ·
1451 545 1452 552 '

87 654 167 714 Piens
187 653 237 713 11.
258 655 442 728 Romanum
461 655 600 731 Pontifi,
620 653 805 734 Philippum
814 649 1060 727 Calliarocbum,
1082 661 1114 712 ot
1133 654 1283 729 imprimis

90 759 298 834 lepidissimum
317 736 492 820 Antonium
505 758 711 835 Boufim'urm
737 767 769 818 et
781 756 1003 819 recentioribus
1017 756 1203 832 temporibus
1222 775 1284 817 nra·

12 891 17 906 =
95 864 132 938 gni
148 863 285 922 nominis
307 858 524 932 Praeclusum
545 858 776 936 Griseliirtttm,
804 878 933 937 quorum
951 856 1180 938 irrefragabilia
1200 862 1286 920 testi-

93 967 173 1024 nonia
186 983 257 1048 Qum
283 982 356 1029 mox
376 965 576 1027 adierromus.
608 967 712 1026 Minus
733 965 878 1028 instructi
893 963 950 1028 bis
972 963 1008 1025 de
1030 965 1123 1026 rebus
1145 965 1286 1024 videntur

92 1069 311 1143 riciniPoloni,
333 1077 503 1128 esttamen
526 1062 650 1142 sinceri,
673 1087 749 1146 quae
772 1068 946 1135 sinceritas,
970 1067 1046 1141 proh
1068 1067 1170 1132 dolori
1192 1069 1285 1144 polis·
1360 1094 1362 1102 s

92 1171 185 1230 simum
206 1170 400 1232 desideratur
421 1169 500 1247 apud
520 1169 707 1248 ilungaros,
736 1171 787 1244 qui
810 1170 900 1234 etiarn
923 1187 1032 1236 nornen
1060 1172 1193 1236 nononis
1223 1173 1284 1247 pie-

93 1262 202 1350 rumque
225 1275 380 1334 occultare
402 1282 566 1344 conantur,
597 1281 627 1330 et
648 1272 698 1330 uiti
720 1273 861 1350 prolerre
883 1281 1051 1351 coguntur,
1074 1291 1192 1334 sutuma
1205 1287 1282 1337 eunt

94 1377 240 1456 acerbitate
263 1379 397 1446 iaciunt,
419 1393 571 1454 nunquam
593 1375 719 1436 omissis
741 1375 913 1441 invectivis.
933 1372 1024 1452 l-
1046 1377 1105 1438 Ast
1125 1378 1285 1441 redeamus

97 1478 126 1536 ai
140 1489 272 1544 nostram
295 1499 371 1542 rem

669 1625 699 1691 4.

179 1769 309 1838 Saeculo
333 1778 509 1840 duodecimo
531 1779 631 1842 Acrae
652 1781 790 1860 vulgaris
813 1781 995 1861 Routeniqin
1016 1797 1099 1840 nove
1115 1781 1211 1841 Deoia
1224 1783 1284 1840 tiu·

95 1880 188 1940 reliani
211 1883 357 1959 degentes
375 1881 484 1960 jugum
501 1883 691 1946 Graecorum
710 1893 778 1959 post
791 1884 937 1944 ducentos
951 1884 1015 1942 iere
1030 1903 1125 1945 annos
1139 1887 1283 1960 pertaesi,

94 1983 195 2042 luobus
218 1988 432 2062 praeeuntibus
454 1985 600 2046 iratribus
611 1989 707 2046 ·Petro
732 1994 762 2046 el
776 1989 894 2068 Asiane
911 2005 996 2048 artua
1012 1997 1218 2064 capessentes,
1234 2006 1285 2048 ex·

94 2099 258 2159 ensuerunt,
281 2071 489 2178 adiunctisque
509 2092 567 2151 sibi
589 2093 720 2170 antiquis
744 2091 919 2152 concivibus
941 2092 1107 2168 Bulgaris,
1130 2092 1285 2168 proprium

92 2191 242 2254 iundmunt
263 2197 442 2271 imperium,
464 2197 513 2257 vel
535 2197 635 2273 potius
658 2197 812 2274 antiquum
834 2195 1044 2280 restituerunt,
1078 2195 1143 2272 Quo
1163 2195 1285 2278 firmato

92 2313 250 2375 securoque
272 2299 388 2360 reddito
411 2300 586 2358 Joannitius
607 2275 677 2376 post
697 2301 827 2358 fratrum
848 2308 977 2357 mortem
999 2301 1169 2373 Imperator
1190 2299 1285 2356 nomi·

91 2389 179 2469 natus,
201 2401 444 2482 eeclesiasticam
466 2418 586 2478 quoquo
607 2401 796 2476 disciplinam
817 2403 981 2460 restituere
1000 2401 1126 2476 'cupiens
1144 2400 1180 2458 ab
1197 2403 1284 2460 inno·

91 2504 239 2562 centiolll.
255 2505 392 2562 Romano
408 2505 556 2563 Pontifiee
578 2505 747 2584 legatione
768 2503 947 2572 honoratus,
969 2503 1074 2568 literas
1097 2503 1193 2570 eidem
1208 2507 1284 2564 scri·
1311 2487 1312 2490 Ἴ

91 2606 144 2680 psit
162 2607 318 2677 Pontifici,
348 2624 537 2686 regnumque
559 2625 648 2667 suurn
669 2610 843 2676 Romanae,
873 2624 970 2684 aqua
992 2606 1029 2686 ab
1051 2606 1103 2664 ilio
1126 2617 1282 2684 ternpore,

91 2725 142 2783 quo
160 2710 190 2767 in
205 2712 444 2790 Byzantinorum
465 2720 593 2776 venerat
612 2720 804 2788 potestatem,
826 2711 965 2779 avulsutu
987 2719 1063 2788 erat,
1079 2711 1164 2782 proult
1180 2713 1284 2774 Eccle-

89 2889 450 2912 mat—n·-

134 3056 159 3130 *)
175 3062 275 3128 Excipi
291 3067 385 3117 tamtm
403 3069 529 3116 meretur
546 3063 690 3144 recentior
707 3063 892 3122 lstltvanllus,
918 3059 998 3119 euius
1016 3065 1102 3118 Libro
1115 3065 1194 3118 xlii.
1211 3067 1295 3116 baec,

178 3149 331 3220 babenbere
349 3153 449 3214 „Duas
466 3151 634 3224 valcellas,
653 3168 724 3220 quac
742 3155 796 3218 hoo
812 3154 938 3220 tcmpor'e
956 3154 1115 3208 Moldavlae
1133 3159 1161 3206 et
1180 3154 1283 3207 'l'rans-

178 3237 285 3304 alpinae
303 3239 414 3314 nomine
432 3247 584 3294 censentur
600 3241 686 3294 simul
703 3255 767 3294 cum
784 3242 1000 3308 Trensylseuia,
1025 3248 1145 3302 veteres,
1156 3255 1211 3294 uno
1224 3243 1281 3316 Its·
1332 3276 1335 3283 -

179 3326 236 3378 elac
255 3326 368 3378 nomine
386 3327 576 3398 eppellabantt:
593 3329 738 3394 fulsseque
750 3329 784 3388 ,ln
803 3343 864 3382 earn
881 3332 1071 3384 Romanorum
1089 3329 1215 3384 coioniae
1227 3330 1282 3381 ¹tle·

178 3413 292 3478 ductas,
310 3421 423 3482 praeter
441 3416 587 3474 innumera
604 3415 780 3482 antiquitatis
798 3424 977 3488 monumenta
994 3417 1072 3474 saris
1090 3425 1120 3470 et
1137 3417 1282 3470 marmori-

177 3491 230 3554 bus
248 3501 353 3569 incise,
377 3509 406 3556 et
423 3504 514 3560 atibue
533 3503 672 3562 extantia,
701 3503 771 3567 illue
789 3505 873 3562 etiarn
891 3503 1063 3572 ergumento
1074 3512 1103 3558 et
1119 3505 1282 3572 testimonio

177 3597 230 3656 cst,
248 3592 323 3658 quoti
341 3591 450 3644 incolae
467 3595 594 3648 Romana
606 3592 712 3658 lingua,
733 3606 900 3660 quamquam
918 3601 1061 3660 corrupta.
1071 3599 1198 3657 utuntur,
1212 3605 1283 3659 quse

176 3679 347 3748 Hisponicae
363 3685 393 3747 et
410 3680 537 3735 Gallicae
555 3686 639 3748 etque
657 3679 741 3734 etiam
758 3681 873 3736 ltelleae
890 3681 961 3734 atico
979 3682 1080 3738 similis
1098 3688 1157 3743 est,
1176 3685 1281 3736 utnon
1301 3715 1306 3746 ς

177 3781 276 3834 magno
295 3767 392 3822 labore
409 3769 445 3820 od
462 3764 588 3824 mutuum
606 3767 746 3818 sermonis
764 3753 963 3823 commercium
975 3769 1093 3836 intelligi
1105 3768 1281 3835 queselilol·

177 3852 256 3906 lavia
272 3855 344 3906 mari
361 3856 459 3922 nigre,
485 3861 517 3929 ut
535 3861 746 3920 nuneuoeant,
772 3870 824 3928 seu
841 3855 1149 3930 Pontojl’olemoniaeo
1167 3857 1281 3930 propin-

177 3939 265 4006 quior,
282 3942 468 4012 'l'rcnsaiplna
480 3942 610 4000 Danubio
629 3943 802 3998 contermina
820 3951 874 4008 est,
892 3959 947 4012 quo
966 3945 1048 3996 etiam
1063 3943 1221 4012 aBulgeria
1233 3960 1279 3997 se·

178 4013 299 4093 p'aratur.
306 4055 341 4066 -
357 4029 575 4104 Ttausylsanlse
593 4029 680 4085 urbes
697 4045 714 4082 a
731 4031 891 4086 Saxonibus
909 4031 1080 4094 incoluntur,
1096 4036 1278 4097 ueteremque

177 4115 380 4189 Germanorum
396 4118 520 4184 linguam
538 4105 720 4176 retincnl—
687 4119 872 4172 —Cseteras
894 4125 989 4185 partes
1008 4117 1125 4170 Valaelri
1145 4124 1172 4172 el
1190 4118 1292 4170 Siculi

178 4202 390 4268 inhabitaretur
398 4207 532 4272 ilonnana,
547 4201 685 4274 Ungsrieu
698 4207 728 4258 hi
742 4210 854 4260 utentes
873 4195 976 4272 lingue.
992 4211 1029 4260 Ν
1037 4209 1276 4298 lstlutuqiucl'ue·

180 4295 280 4356 metus,
298 4297 419 4347 Historia
436 4281 524 4358 lieptti
541 4297 711 4360 nemerim,
730 4297 790 4346 Lib
809 4296 885 4348 xm

227 4505 238 4540 i
