2874 4864
177 359 221 426 50
570 361 759 438 Analysis
789 345 1006 430 venialius

280 497 323 589 e)
345 499 429 580 Quae
451 501 481 562 in
499 501 592 562 latino
613 505 750 562 neutruis
767 507 890 582 generis
905 513 992 574 sunt,
1012 505 1087 566 fiunt
1104 505 1301 570 communiter
1315 526 1376 569 ma·

179 610 306 673 seulina,
328 607 388 665 uti:
416 603 500 664 laete
517 606 575 674 lae,
597 623 689 665 noane
706 625 832 677 nomen,
854 627 982 668 essonae
1007 629 1152 682 examen,
1182 631 1289 673 coriae
1310 633 1375 674 oar·

179 731 266 780 men,
289 709 373 769 lume
392 711 494 768 lumen
516 721 573 769 ete.
604 729 783 787 quamquam
808 715 907 790 magis
930 697 1126 774 foemininum
1147 727 1264 794 petant:
1285 739 1376 779 more

178 835 283 884 nrare,
304 813 385 872 nnete
399 813 476 882 mel,
493 811 563 890 sele
579 814 638 880 iel;
666 815 727 871 imo
745 817 851 874 etiam:
874 801 980 876 culsne
995 819 1112 878 eulmen
1121 863 1133 896 ,
1154 821 1239 880 tome
1257 823 1375 892 lumen,

178 921 325 987 mundus,
354 915 478 994 leporio-e
499 918 663 996 legumeu3
692 927 755 976 tum
777 920 867 978 etiam
889 919 991 981 latere
1013 923 1062 981 uel
1079 923 1179 984 lutere
1202 927 1300 996 latus,
1322 943 1378 986 ee-

178 1023 249 1084 eale
270 1022 383 1085 secale.

179 1187 188 1214 .
277 1149 330 1206 111.
357 1147 486 1208 Nomina
506 1147 538 1234 in
560 1166 578 1208 o
599 1147 766 1206 desinentia
787 1158 858 1208 sunt
878 1150 1036 1212 admodum
1055 1171 1166 1230 panea,
1194 1173 1289 1234 eaque
1311 1164 1376 1214 tan·

177 1263 240 1314 tum
254 1253 374 1312 nomina
388 1252 511 1328 propria
527 1267 651 1326 graeca,
674 1269 750 1326 quae
767 1253 934 1311 masculina
955 1263 1036 1326 aunt,
1058 1258 1085 1316 si
1097 1257 1174 1316 viris
1192 1260 1375 1330 tribuantur,

85 1383 93 1392 -
176 1353 237 1416 uti:
259 1353 376 1434 Apollo
391 1355 516 1430 Apollo,
535 1355 698 1412 foeminina
713 1355 741 1412 si
754 1357 942 1427 mulieribus,
959 1362 1016 1418 uti:
1037 1357 1136 1438 Saffo
1153 1362 1286 1442 Sappho,
1303 1362 1377 1425 Ola'o

176 1463 253 1530 ulio,
277 1457 367 1519 Oloto
382 1457 508 1527 clotho,
533 1455 664 1538 Uolipso
681 1459 823 1536 Calipso,
845 1470 907 1520 tum
926 1481 982 1522 eeo
1002 1464 1089 1530 echo.

274 1585 330 1644 IV.
350 1583 480 1642 Nomine
492 1583 522 1642 in
537 1584 550 1642 ἰ
563 1583 731 1644 desinentia
743 1593 813 1642 sunt
826 1594 956 1646 tantum:
978 1587 1012 1646 «ti
1032 1588 1096 1648 dies
1111 1589 1376 1666 (indeterminate)

172 1699 237 1750 tum
251 1688 373 1747 nomina
387 1687 503 1744 dierum
519 1687 715 1762 septimanae,
737 1687 796 1744 uti:
818 1684 908 1747 Luni
921 1690 968 1748 die
981 1681 1096 1758 Lunae,
1116 1689 1219 1750 Marti
1229 1693 1278 1752 die
1291 1695 1375 1754 Mar·

173 1793 230 1860 tis,
252 1789 398 1850 Mercuri
414 1787 462 1846 dio
478 1788 643 1857 Mercurii,
664 1787 744 1848 Joua'
758 1787 805 1846 die
818 1790 1051 1866 Jovisptsenm·
1067 1793 1377 1874 dieVoneris,(pari·

173 1905 222 1954 ter
236 1888 505 1970 indeterminate),
520 1890 678 1970 omniaque
698 1890 861 1948 foeminina
870 1908 880 1967 3
892 1912 896 1919 ·
909 1894 1075 1950 masculina
1093 1905 1164 1953 sunt
1183 1900 1304 1956 nomina
1323 1919 1375 1958 ur·

173 1997 262 2080 bium
278 1995 308 2052 in
328 1995 455 2072 plurali,
477 1993 537 2052 uti:
566 1989 678 2051 Parioi
701 1993 833 2060 Parisii,
854 1991 1000 2052 Bucolici
1015 1995 1082 2055 sive
1099 1997 1296 2060 Bueeuleaea'
1319 2003 1374 2062 Hi-

172 2100 340 2180 lariopotis,

264 2192 313 2282 [V.
341 2221 470 2280 Nomina
490 2221 520 2279 in
538 2239 561 2280 u
578 2221 746 2280 desinentia
770 2231 839 2281 sunt
858 2223 1017 2282 nrasoulini
1035 2227 1176 2303 generis,
1197 2230 1259 2288 uti:
1281 2247 1372 2290 annu

175 2345 289 2396 annus,
306 2325 424 2385 *drucio
436 2325 609 2394 brachium,
620 2327 729 2385 mersu
748 2345 874 2395 cervus,
895 2327 1025 2387 dominu
1040 2329 1195 2400 dominus,
1217 2332 1280 2392 edo
1300 2333 1372 2392 hoe·

174 2431 248 2500 dus,
265 2432 348 2508 foou
366 2431 471 2498 iocus,
493 2431 593 2509 ignis,
612 2430 690 2506 pelo
705 2431 796 2508 gelu,
810 2431 891 2505 joon
906 2430 1014 2504 jocus,
1036 2432 1115 2511 hepo
1133 2436 1241 2512 lupus,
1263 2441 1374 2496 musta

175 2543 324 2603 mustum,
351 2552 488 2594 numeru
504 2551 668 2602 numerus,
695 2551 769 2592 omo
782 2533 888 2602 homo,
913 2539 1009 2612 pecto
1022 2544 1150 2612 peetus,
1175 2539 1253 2596 riou
1268 2539 1374 2610 rivus,

174 2657 289 2700 somno
304 2657 446 2706 somnus,
468 2641 574 2715 tempu
589 2645 723 2714 tempus,
745 2653 828 2694 orsu
843 2654 934 2696 ursus
949 2648 1009 2703 eto.
1377 2711 1386 2740 s

274 2761 396 2828 Excipe:
413 2776 475 2811 eoru
492 2773 584 2824 soror,
601 2773 668 2811 noro
684 2771 783 2816 nurus,
801 2773 968 2827 quamquam
981 2761 1090 2816 dleetur
1107 2765 1190 2818 etiam
1206 2779 1278 2832 eoru,
1295 2783 1376 2820 noro.

341 2915 346 2934 '
388 2903 461 2982 Ill.
495 2902 555 2980 De
578 2899 791 2978 variatione
816 2871 1150 2984 substantivorum.

273 3059 434 3153 iiominum
449 3087 714 3147 Substantivorum
728 3089 867 3148 Variatio
883 3091 994 3168 tripiici
1008 3091 1095 3150 modo
1112 3092 1179 3152 fieri
1192 3093 1288 3163 solet3
1312 3097 1379 3154 soi·

175 3200 247 3258 lieet
263 3214 317 3272 per
339 3209 463 3270 genera,
485 3199 515 3247 et
530 3198 657 3248 vocatur
678 3187 789 3269 Motio,
812 3199 862 3248 aut
875 3209 930 3267 per
945 3211 1105 3263 numeros,
1127 3205 1158 3255 et
1174 3197 1281 3256 dieitur
1293 3197 1380 3260 Mu-

176 3303 273 3375 tatio,
295 3307 346 3356 aut
365 3315 420 3372 per
441 3309 549 3361 oasus,
572 3301 603 3351 et
625 3291 792 3370 appellatur
813 3293 1011 3374 Decttnatio,
1041 3301 1149 3376 quibus
1170 3299 1264 3372 adhu'e
1277 3299 1380 3362 Atte-

175 3406 274 3472 rotio,
291 3391 379 3478 'quae
401 3407 499 3456 tamen
520 3397 555 3454 ad
574 3397 802 3456 Derivationem
821 3399 970 3474 pertinet,
999 3411 1029 3461 et
1053 3421 1109 3480 per
1129 3399 1320 3468 Auctionem
1344 3415 1381 3467 02

174 3507 420 3568 Diminutionem
439 3501 507 3561 fieri
522 3503 616 3571 solet,
639 3501 705 3560 addi
723 3509 832 3578 potest.

413 3668 451 3729 Α.
478 3664 535 3726 De
554 3665 738 3728 Metione
757 3665 1133 3735 Substantioorum.

295 3809 355 3854 seu
384 3793 423 3852 de
445 3794 641 3870 formatione
662 3793 834 3868 foeminini
851 3796 982 3870 poneris
1003 3813 1048 3858 ea·
1067 3799 1255 3860 masculino.

218 3919 247 3982 1.
268 3901 396 3978 Nomina
406 3916 601 3978 Substantiva
620 3917 777 3978 maseuliui
798 3919 923 3995 generis
942 3921 972 3978 in
993 3933 1017 3977 u
1036 3920 1219 3994 desinentia,
1240 3905 1383 3987 formant

175 4024 367 4082 foemininum
385 4041 482 4102 genus
497 4021 638 4080 mutando
659 4041 683 4081 o
703 4025 733 4080 in
755 4042 787 4098 o,
809 4024 870 4081 uti:
931 4096 934 4104 μ
1080 4011 1082 4021 '
1258 4034 1261 4042 ¹

264 4197 265 4200 ,
334 4141 607 4206 masculinum:
917 4151 1209 4236 3ioenrininum:
1276 4219 1279 4224 ,

171 4252 328 4327 Donatum,
361 4265 363 4270 ·
471 4248 637 4318 Dominus,
771 4249 927 4332 Domino,
1073 4255 1221 4347 Domina,
1282 4337 1286 4348 ι

89 4419 100 4438 ⁶
176 4359 269 4433 cina,
462 4353 598 4418 vicinus,
759 4358 890 4434 uicina,
1077 4361 1190 4427 uicina,
