2930 4860
329 1169 987 1285 Pisaurum

187 1459 252 1519 nn
284 1457 445 1521 ursum
473 1453 750 1522 ιιιιιιιιιιιι
780 1413 1176 1562 ιιιιίιιιιιιιιιιι.

85 1917 220 2051 Huius
235 1973 365 2081 operis
382 1974 468 2053 linis
483 1975 727 2082 estlingnam
735 1975 945 2056 Romanam
961 1975 1072 2056 hodie
1087 1975 1126 2056 in
1141 1974 1281 2058 norim

84 2113 140 2191 quc
159 2090 304 2170 Daciae
328 2091 532 2200 provinciis
557 2093 751 2198 vigentem·¹
777 2121 907 2202 puram
933 2107 1083 2202 putam
1085 2091 1205 2172 oculis
1227 2092 1282 2172 vi·

80 2229 188 2286 rorum
215 2207 449 2287 eruditorum
474 2207 705 2289 subiiciendi
734 2209 907 2290 Omnia
895 2225 1019 2318 itaque
1043 2208 1279 2320 seposuimus

79 2341 282 2418 commenta,
308 2324 450 2416 varies,
465 2325 537 2404 sibi
563 2327 778 2460 plerumque
802 2326 1110 2424 contradicentes,
1138 2324 1281 2458 opinio·

77 2466 128 2518 nes
158 2457 355 2520 auctorum
389 2439 486 2520 houd
519 2441 592 2520 sibi
640 2443 732 2521 satis
765 2430 1050 2522 consultorum
1061 2441 1282 2532 reieeimus,
1360 2455 1373 2472 '

72 2552 183 2634 inanes
212 2585 344 2636 eorum
368 2555 536 2638 fabricas
545 2559 710 2638 firnditus
726 2559 945 2656 evertimus,
970 2557 1211 2664 impurosque
1226 2555 1278 2634 ri·

69 2671 161 2750 ulos
192 2673 401 2752 siccitatem
435 2702 565 2752 seeum
595 2675 788 2768 serentes,
823 2674 862 2754 in
894 2672 1087 2781 proprium
1118 2672 1273 2752 nihilum
1332 2735 1334 2742 ,

68 2784 169 2866 fluere
194 2788 372 2880 sivimus,
404 2805 442 2868 et
465 2790 607 2890 sontem
639 2790 761 2897 ipsum
793 2789 965 2896 adgressi
997 2817 1136 2868 sumus.
1170 2788 1272 2870 Hinc

68 2905 187 2996 omnia,
213 2933 290 2984 non
314 2921 356 2985 ut
378 2905 488 2984 nohis
512 2922 576 2986 aut
600 2905 684 2984 aliis
699 2905 913 3014 placuisset,
938 2905 1188 2998 exhausimus,
1205 2903 1274 2987 sed

65 3033 97 3096 ut
116 3020 199 3129 ipsa
224 3039 344 3102 semet
365 3023 546 3130 praebent
570 3022 762 3102 elementa.
796 3021 908 3131 Siqui
931 3051 1025 3129 ergo
1049 3021 1159 3102 nobis
1179 3020 1273 3100 onii-

58 3161 135 3237 ,cere
161 3139 315 3237 vellent,
340 3167 412 3218 nos
436 3139 653 3249 plerumque
676 3137 854 3273 reliquis,
873 3167 935 3248 qm
923 3137 1031 3218 hoc
1055 3137 1101 3218 de
1125 3136 1281 3218 obiecto

64 3247 333 3353 disseruerunt,
367 3255 555 3336 contraria
579 3255 843 3384 proposuisse,
872 3284 972 3365 quos
1004 3253 1180 3363 alioquim
1196 3281 1280 3386 npn-
1366 3254 1370 3264 “

63 3364 240 3463 timemus,
264 3400 374 3480 quum
398 3401 469 3480 pro
483 3372 642 3452 veritate
662 3400 884 3481 pugnemus,
905 3419 950 3440 μ-
967 3371 1039 3452 hoc
1055 3399 1140 3452 non
1143 3370 1182 3450 in
1199 3397 1274 3496 qos

64 3484 175 3579 odet,
200 3487 305 3568 sed
292 3517 332 3568 ιι
355 3489 464 3588 illos,
491 3489 553 3599 qui
578 3489 658 3568 sive
681 3487 908 3595 ignorantie,
932 3487 1013 3568 sive
1037 3486 1153 3568 inani
1162 3513 1269 3568 arro·

61 3602 185 3702 gantis·
203 3603 286 3682 ausi
311 3620 399 3684 sunt
423 3631 533 3684 sacro
558 3603 644 3683 lmic
665 3603 898 3684 venerandae
930 3603 1164 3714 antiquitatis
1188 3623 1268 3680 mo·

61 3735 225 3798 numento
249 3719 422 3800 violando
446 3721 624 3829 profanas
648 3748 738 3799 suos
770 3719 967 3800 admovere
998 3747 1157 3816 manus,
1179 3715 1266 3795 ltac-

60 3859 116 3938 quc
139 3835 291 3916 ratione
315 3836 483 3916 incautos
508 3838 548 3916 in
573 3855 740 3916 errorem
750 3837 924 3918 trahere..
937 3837 1038 3923 Nam
1049 3863 1118 3914 nos
1132 3830 1269 3913 maiori.
1315 3931 1319 3945 s

17 3979 18 3990 ι
58 3951 374 4057 religioneducti,
400 3953 524 4038 omnia
547 3954 685 4035 intacto
708 3954 950 4062 reliquimus,
964 3968 1103 4057 satque
1127 3946 1264 4026 secisse

17 4093 18 4178 ι
58 4069 313 4176 reputavimus,
336 4070 375 4150 si
397 4098 561 4180 eousque
584 4071 780 4178 pervenire
803 4069 1002 4177 potuimus,
1027 4081 1069 4146 ut
1093 4092 1138 4144 ea
1162 4062 1263 4141 omni
1322 4163 1324 4169 y

17 4195 18 4282 ζ
58 4201 231 4294 exparte
248 4186 530 4323 conspiciamus,
555 4187 713 4295 aliisque
728 4182 990 4295 conspicienda
1002 4180 1259 4312 praebeamus.

18 4385 20 4418 q
57 4295 195 4384 Puritas
220 4303 371 4410 linguae
396 4303 517 4412 prima
545 4302 614 4386 fuit
638 4302 813 4392 conditio
841 4301 941 4382 Hinc
964 4298 1103 4382 formas
1127 4287 1258 4402 genui·
