2840 4862
164 277 240 400 166·
564 324 753 402 ancianis*
770 315 959 385 veritalis.

544 462 772 538 Noominiui
794 474 972 555 generis.

159 608 197 670 N.
218 603 330 669 Mario
349 601 415 666 ella
430 601 581 682 formoso
626 641 629 648 ·
741 627 756 636 ··
803 598 903 659 Maria
922 597 976 658 illa
995 593 1150 666 formosa,

160 713 202 774 G.
224 710 268 772 lea·
285 706 396 773 Μανία
415 705 489 766 ellea'
505 706 656 784 formosa
730 772 739 782 „
800 701 918 761 Mariae
939 681 1022 760 istius
1044 701 1216 770 formosae,

159 816 199 876 D.
222 813 266 874 lei
284 811 396 876 Masa'a
416 809 490 870 ellel
506 810 656 886 formoso
737 837 741 846 ⁴
799 807 916 866 Mariae
937 805 982 866 illi
1002 805 1167 883 lot-mosae,

160 919 201 982 Α.
214 934 276 998 prs
294 893 405 976 Maria
425 912 490 974 ella
506 913 657 1000 formosa
798 909 932 988 Mariam,
949 907 1032 988 illam
1053 908 1231 968 formosam.
1300 977 1303 984 Ι

259 1079 460 1158 Quaecunque
477 1077 523 1136 ‘de
552 1049 819 1136 Substantivorum
842 1061 974 1133 flexione
1005 1070 1167 1132 observata
1196 1077 1281 1140 sunt,
1317 1070 1350 1130 de

158 1185 325 1250 Adiectivis
343 1197 462 1262 quoque
476 1179 595 1250 valenta
614 1178 788 1240 nimirumz·
1200 1161 1203 1170 ¹

258 1309 294 1379 1)
315 1307 474 1386 Adiectiva
489 1312 612 1384 praeter
629 1301 796 1362 Notionem
816 1301 847 1360 in
869 1301 1000 1362 flexione
1017 1299 1214 1392 Mutationem
1238 1307 1351 1363 tautum

156 1413 328 1479 admittunt.
412 1465 427 1488 J,
539 1472 541 1478 ,
737 1433 740 1440 ·
1224 1423 1227 1430 ·

256 1513 297 1594 2)
319 1493 488 1577 volatum
503 1504 650 1590 aeqnstm
665 1509 857 1571 Nominativo
871 1517 997 1585 excepto
1011 1507 1162 1590 singulari
1170 1492 1305 1567 'numero
1322 1505 1350 1566 iu

155 1637 180 1682 ts
196 1619 417 1686 desinentium,
440 1635 568 1695 quorum
582 1614 750 1676 vocativus
767 1631 852 1672 more
868 1613 1029 1674 latinorum
1043 1613 1075 1670 iu
1091 1611 1314 1672 etermiuatur.

237 1723 296 1795 ,3)
318 1719 487 1780 Foeminini
507 1719 632 1798 generis
649 1717 726 1777 Gen.
743 1725 772 1776 et
787 1717 857 1775 Dat.
879 1716 910 1774 in
932 1715 1083 1794 singulari
1103 1732 1229 1773 numero
1253 1715 1351 1774 solent

157 1825 249 1886 etiam
263 1821 439 1901 pluraliter,
460 1823 491 1882 id
507 1831 555 1881 cst
569 1801 599 1879 in
619 1821 700 1880 evol
716 1818 729 1878 α’
743 1819 887 1889 formari,
909 1835 964 1896 pro
982 1819 1071 1878 huius
1081 1819 1208 1882 ¹numeri
1223 1819 1350 1886 ratione,

237 1925 294 2000 ’4)
320 1925 451 1986 Dativus
473 1925 670 2005 distinguitur
694 1942 712 1984 a
734 1923 879 1990 Genitlvu
897 1931 1012 1986 tautum
1035 1922 1157 2002 logice,
1190 1939 1250 1980 uon
1278 1939 1350 1980 vcro

156 2030 336 2093 formaliter.
664 2041 667 2046 ·

254 2134 292 2204 u)
313 2133 495 2194 accusativo
511 2129 656 2212 praeponi
669 2113 748 2192 solet
758 2129 949 2210 Praepositio
961 2147 1038 2212 pre,
1065 2137 1100 2192 ut
1120 2149 1139 2192 a
1160 2127 1348 2196 Nominativo

154 2236 355 2298 discernatur.
563 2235 566 2242 ’
846 2239 850 2246 “

254 2342 292 2415 6)
314 2335 501 2418 lriegularla
516 2329 604 2400 nulla'
618 2326 726 2398 dantur
745 2349 887 2418 respectu
902 2339 1131 2402 Declinationis.
1208 2381 1211 2388 ,
1228 2353 1240 2364 ³

154 2484 195 2546 Ut
209 2483 294 2546 bonu
309 2449 496 2546 declinantur
510 2484 610 2543 omnia
623 2485 751 2544 Nomina
765 2486 923 2562 Adiectiva
936 2487 1102 2548 masculina
1116 2505 1187 2565 pag.
1200 2487 1244 2550 68
1258 2493 1291 2545 et
1303 2485 1349 2550 69.

236 2591 310 2650 Nnc.
327 2591 362 2658 l,
384 2598 414 2648 et
427 2607 497 2668 pag.
512 2589 563 2652 70.
579 2597 609 2646 et
620 2590 672 2652 71.
686 2591 762 2654 Nro.
778 2591 794 2652 1
816 2592 930 2662 adlata,
952 2593 1068 2669 aliaque
1081 2590 1130 2648 his
1146 2591 1270 2649 similia.

153 2691 194 2752 Ut
210 2692 292 2753 dono
306 2692 493 2752 declinantur
508 2675 608 2750 omnia
620 2693 749 2751 Nomina
762 2694 918 2756 Adiectiva
943 2696 1107 2754 foeminina
1123 2711 1193 2772 pag.
1206 2695 1248 2757 68
1262 2702 1293 2754 et
1303 2694 1351 2758 69.

235 2797 309 2855 Nro.
326 2796 353 2858 1.
368 2805 399 2854 et
412 2814 481 2874 pag.
497 2788 548 2857 70.
566 2804 597 2852 et
611 2795 661 2858 71.
679 2783 800 2860 Nrosl.
816 2797 930 2867 adlata,
953 2799 1069 2876 aliaque
1084 2797 1270 2858 dissimilia.
1316 2797 1320 2802 ’

151 2898 192 2959 Ut
212 2899 308 2960 verde
328 2898 515 2980 declinantur
528 2899 628 2961 omnia
640 2900 769 2959 Nomina
780 2901 937 2962 Adiectiva
958 2919 1028 2979 pag.
1045 2899 1087 2964 69
1108 2909 1139 2959 et
1151 2901 1206 2969 70.
1229 2901 1351 2968 Nro.2.

234 3011 265 3062 et
284 3021 354 3082 pag.
368 3003 419 3068 71.
434 3012 465 3062 et
478 3003 616 3067 72.'Nro.
629 3004 659 3068 2.
679 3003 787 3074 adlata,
809 3006 926 3085 aliaque
942 3003 991 3063 his
1007 3003 1129 3064 similia.

251 3153 321 3224 §um
341 3159 400 3206 mm
412 3151 611 3212 substantiva.
628 3165 712 3220 quatu
728 3154 875 3208 Adiectivs
892 3155 954 3208 alne
970 3113 1187 3208 Proncminlhus
1210 3154 1258 3206 vel
1274 3154 1350 3208 Arti-

149 3239 217 3302 culo
238 3241 345 3312 nullam
363 3241 518 3304 'admittant
541 3241 683 3309 propriam
700 3243 939 3300 Declinationama
961 3243 991 3296 lu
1015 3244 1115 3296 laurum
1141 3242 1254 3296 deiectu
1278 3244 1351 3296 rela-

118 3385 120 3390 .
149 3329 242 3382 tiones
260 3329 372 3404 casibus
390 3328 724 3382 enunciandasadiunctis
731 3330 783 3382 sibi
792 3331 1050 3400 Praepositionibus
1068 3329 1225 3398 exprimere
1243 3344 1350 3398 eogun-

44 3419 47 3435 '
149 3423 213 3496 turp
232 3423 261 3470 et
278 3417 389 3484 quidem
406 3431 457 3484 pro
476 3415 606 3470 Genitivo
624 3421 675 3483 de,
700 3433 752 3485 pro
768 3420 871 3472 Dativo
890 3426 982 3472 antem
999 3420 1033 3484 d,
1057 3419 1114 3472 uti:
1138 3435 1193 3471 ana
1207 3424 1299 3479 suada
1316 3423 1351 3472 de

149 3519 240 3565 corne,
257 3495 350 3572 pondo
368 3505 479 3574 caruis3
491 3521 551 3566 ,ααα
567 3508 673 3558 aretela
690 3509 725 3558 de
742 3510 816 3572 olna,
834 3509 967 3574 amphora
982 3507 1058 3568 vluit
1077 3523 1158 3559 coroa
1175 3507 1193 3557 a
1213 3523 1296 3559 coroa
1313 3522 1351 3559 αα

147 3601 220 3646 scote
238 3598 293 3647 oeli
309 3595 355 3655 Ἦ,
373 3607 476 3648 corvus
493 3607 580 3646 corvo
598 3607 655 3649 non
672 3593 769 3648 effodit
786 3597 894 3649 oeulos.
916 3598 997 3649 Hane
1014 3595 1050 3649 ob
1068 3609 1182 3649 causam
1200 3595 1276 3648 solet
1293 3597 1349 3648 No·

148 3677 270 3752 minibus
297 3681 418 3750 propriis
438 3695 626 3748 personarum
649 3679 827 3748 Praepositio
848 3700 895 3743 ure
919 3683 1069 3752 praeponi,
1094 3684 1158 3736 uti:
1188 3684 1279 3736 cedato·
1299 3696 1349 3742 ore

147 3772 245 3827 Petra,
262 3767 354 3823 videte
368 3771 503 3832 Petrumt
526 3769 643 3838 reliquis
660 3777 731 3823 vero
747 3771 910 3832 Nominibus
927 3786 1066 3840 personas
1082 3769 1271 3826 indicantibus
1289 3782 1348 3825 ma·

86 3895 91 3904 .
146 3852 190 3922 gis
209 3854 398 3914 distinctionis
416 3873 496 3928 ergo.
