2930 4860
35 390 43 403 ‚
179 337 299 396 LXXIV

177 471 277 552 sitan
299 470 397 552 hund
421 497 569 579 semper
589 459 758 576 gram,
789 469 1002 565 veritatem,
1032 470 1311 578 eonuetumque
1342 498 1387 550 se

172 591 314 679 ⁴sentiet
338 589 384 668 de
406 589 509 666 illius
533 587 729 684 firmitate,
761 586 827 666 ille
850 588 946 668 sciat
970 591 1112 693 sejam
1136 614 1268 665 sanum
1291 602 1398 666 eese3

178 707 386 816 quicunque
410 723 533 785 autem
558 703 730 783 omnibus
743 703 804 782 his
819 705 985 797 tentatie,
1010 731 1054 782 se
1070 719 1195 781 mmen
1214 703 1324 783 aliter
1341 703 1398 785 di-

178 823 363 932 spositum
387 821 534 912 sentiet,
558 819 623 900 ille
639 820 907 929 Hippocratem
931 835 1051 911 vouet,
1076 847 1161 896 nam
1175 835 1305 898 noenu
1319 849 1397 899 nnn

176 941 216 1021 in
241 940 345 1019 illum
370 954 501 1048 parata
525 954 585 1017 est
609 937 807 1032 medicina3
831 965 901 1016 nus
926 965 1009 1016 cum
1033 938 1100 1018 tuli
1124 965 1193 1015 nee
1210 936 1398 1016 amicitiae

176 1085 344 1167 pangere
381 1056 552 1134 volumus
590 1055 744 1151 sossius,
784 1082 855 1132 nee
893 1053 1030 1133 hostile
1069 1081 1205 1158 gerere
1244 1049 1395 1131 bellum.

177 1172 372 1252 Veritatis.
386 1189 508 1252 autem
533 1188 719 1252 amatores
744 1199 915 1272 oramus,
949 1187 991 1248 ut
1015 1170 1220 1278 ubieunque
1244 1197 1315 1248 nos
1338 1169 1396 1246 in·

178 1306 297 1381 caute,
323 1318 537 1398 quacunque
562 1289 708 1368 demum
726 1287 917 1380 decanea,
941 1287 980 1365 in
997 1313 1164 1364 errorem
1181 1287 1307 1393 lapsus
1330 1285 1398 1363 ub·

179 1403 422 1495 servaverint,
447 1403 609 1507 benigne
621 1429 691 1478 nus
711 1429 862 1480 monere
876 1401 1026 1493 vellent,
1050 1429 1135 1480 nam
1151 1402 1244 1480 nihil
1259 1401 1397 1508 magis,

178 1549 287 1630 quam
321 1547 492 1598 errorem
525 1518 771 1615 detestamur,
809 1516 956 1596 etiamsi
987 1517 1067 1596 sors
1098 1535 1230 1624 gratus
1245 1519 1397 1611 inerit,

178 1635 304 1745 prouti
325 1635 435 1714 etiam
452 1634 546 1714 nihil
565 1634 701 1740 magis,
719 1663 827 1742 quam
841 1634 1036 1714 veritatem
1053 1662 1231 1726 amamus,
1248 1633 1397 1714 etiamsi

46 1800 53 1808 ι
178 1752 314 1832 acerba
332 1751 530 1842 exstiterit,
544 1751 761 1859 sincereque
776 1751 935 1830 fatemur
951 1749 1051 1830 omni
1075 1766 1261 1830 momentu
1285 1779 1396 1859 para·

177 1885 240 1949 tos
265 1895 335 1946 nos
360 1895 445 1946 esse
468 1867 516 1945 ad
541 1893 792 1976 quemcunque
821 1868 954 1947 salsum
987 1897 1163 1974 gressum
1197 1868 1396 1949 emendan-

178 1983 276 2075 dum,
302 1997 339 2060 et
362 2010 438 2060 non
462 1983 572 2062 modo
598 1983 643 2061 ab
658 1983 846 2089 hucusque
862 1985 1019 2091 prolatis
1034 1985 1396 2064 assertis-desisten-

179 2097 278 2190 dum,
300 2126 431 2177 verum
455 2098 503 2177 ad
524 2101 669 2207 plenam
695 2127 825 2178 eorum
849 2101 1071 2180 sententiam
1103 2102 1283 2180 ambobus
1306 2103 1395 2182 bra·

176 2215 273 2294 ehiis
298 2215 598 2322 amplectendam.
630 2217 736 2306 Vale,
761 2217 899 2296 Lector
923 2219 1120 2316 benevole,
1145 2235 1183 2299 te
1201 2220 1300 2298 inter
1320 2219 1393 2298 hus

175 2331 328 2412 ultimos
351 2357 612 2426 numeramus,
630 2331 830 2443 tandiuque
852 2336 1142 2427 numerabimus,
1169 2337 1330 2443 quandiu
1350 2354 1394 2416 tu

175 2448 258 2558 ipse
273 2447 499 2527 eontrarium
514 2477 589 2528 non
608 2447 934 2544 demonstraveris,
959 2467 1158 2561 apertaque
1173 2452 1310 2532 indicia
1325 2454 1395 2533 de-

174 2564 276 2646 deris
300 2581 338 2646 te
358 2565 482 2686 magis
507 2567 616 2647 aliter
642 2561 909 2676 disqiositorum
931 2569 1094 2674 diligere
1117 2571 1393 2654 commercium.

921 3045 924 3050 ·
1014 3027 1017 3032 Δ
1067 3003 1286 3078 Auctor.
