<?xml version="1.0" encoding="UTF-8"?>
<!DOCTYPE html PUBLIC "-//W3C//DTD XHTML 1.0 Transitional//EN"
    "http://www.w3.org/TR/xhtml1/DTD/xhtml1-transitional.dtd">
<html xmlns="http://www.w3.org/1999/xhtml" xml:lang="en" lang="en">
 <head>
  <title>
</title>
<meta http-equiv="Content-Type" content="text/html;charset=utf-8" />
  <meta name='ocr-system' content='tesseract 3.04.00' />
  <meta name='ocr-capabilities' content='ocr_page ocr_carea ocr_par ocr_line ocrx_word'/>
</head>
<body>
  <div class='ocr_page' id='page_1' title='image "./tentamencriticu01laurgoog_0022.png"; bbox 0 0 2930 4860; ppageno 0'>
   <div class='ocr_carea' id='block_1_1' title="bbox 1184 331 1249 388">
    <p class='ocr_par' dir='ltr' id='par_1_1' title="bbox 1184 331 1249 388">
     <span class='ocr_line' id='line_1_1' title="bbox 1184 331 1249 388; baseline 0.031 -2"><span class='ocrx_word' id='word_1_1' title='bbox 1184 331 1249 388; x_wconf 66' lang='lat' dir='ltr'><strong>liv</strong></span> 
     </span>
    </p>
   </div>
   <div class='ocr_carea' id='block_1_2' title="bbox 80 467 1251 670">
    <p class='ocr_par' dir='ltr' id='par_1_2' title="bbox 80 467 1251 670">
     <span class='ocr_line' id='line_1_2' title="bbox 82 467 1251 546; baseline 0.001 -16"><span class='ocrx_word' id='word_1_2' title='bbox 82 470 127 530; x_wconf 85' lang='lat' dir='ltr'><strong>inde</strong></span> <span class='ocrx_word' id='word_1_3' title='bbox 141 477 221 530; x_wconf 82' lang='lat' dir='ltr'><strong>mata</strong></span> <span class='ocrx_word' id='word_1_4' title='bbox 241 477 292 532; x_wconf 86' lang='lat' dir='ltr'><strong>est</strong></span> <span class='ocrx_word' id='word_1_5' title='bbox 312 467 445 531; x_wconf 89' lang='lat' dir='ltr'><strong>celebris</strong></span> <span class='ocrx_word' id='word_1_6' title='bbox 472 467 525 530; x_wconf 91' lang='lat' dir='ltr'><strong>illa</strong></span> <span class='ocrx_word' id='word_1_7' title='bbox 555 469 713 546; x_wconf 82' lang='lat' dir='ltr'><strong>praeteriti</strong></span> <span class='ocrx_word' id='word_1_8' title='bbox 741 479 773 530; x_wconf 90' lang='lat' dir='ltr'><strong>et</strong></span> <span class='ocrx_word' id='word_1_9' title='bbox 800 469 901 542; x_wconf 82' lang='lat' dir='ltr'><strong>nostri</strong></span> <span class='ocrx_word' id='word_1_10' title='bbox 928 470 996 530; x_wconf 85' lang='lat' dir='ltr'><strong>aeui</strong></span> <span class='ocrx_word' id='word_1_11' title='bbox 1023 469 1251 533; x_wconf 75' lang='lat' dir='ltr'><strong>nomenclatura</strong></span> 
     </span>
     <span class='ocr_line' id='line_1_3' title="bbox 80 569 1249 670; baseline 0 -34"><span class='ocrx_word' id='word_1_12' title='bbox 80 577 235 636; x_wconf 78' lang='lat' dir='ltr'><strong>resbacias</strong></span> <span class='ocrx_word' id='word_1_13' title='bbox 258 575 371 670; x_wconf 83' lang='lat' dir='ltr'><strong>optime</strong></span> <span class='ocrx_word' id='word_1_14' title='bbox 393 574 549 652; x_wconf 75' lang='lat' dir='ltr'><strong>explicans</strong></span> <span class='ocrx_word' id='word_1_15' title='bbox 568 569 609 646; x_wconf 69' lang='grc' dir='ltr'><strong>Ἴ.</strong></span> <span class='ocrx_word' id='word_1_16' title='bbox 639 569 708 634; x_wconf 80' lang='lat' dir='ltr'><strong>lioe</strong></span> <span class='ocrx_word' id='word_1_17' title='bbox 724 574 760 634; x_wconf 90' lang='lat' dir='ltr'><strong>ad</strong></span> <span class='ocrx_word' id='word_1_18' title='bbox 777 574 990 654; x_wconf 76' lang='lat' dir='ltr'><strong>intedigendos</strong></span> <span class='ocrx_word' id='word_1_19' title='bbox 1003 583 1047 635; x_wconf 78' lang='lat' dir='ltr'><strong>et</strong></span> <span class='ocrx_word' id='word_1_20' title='bbox 1065 574 1249 636; x_wconf 76' lang='lat' dir='ltr'><strong>refellendos</strong></span> 
     </span>
    </p>
   </div>
   <div class='ocr_carea' id='block_1_3' title="bbox 19 677 1153 812">
    <p class='ocr_par' dir='ltr' id='par_1_3' title="bbox 19 677 1153 812">
     <span class='ocr_line' id='line_1_4' title="bbox 19 677 1003 760; baseline 0.002 -22"><span class='ocrx_word' id='word_1_21' title='bbox 19 755 20 760; x_wconf 8' lang='grc' dir='ltr'>ἵ</span> <span class='ocrx_word' id='word_1_22' title='bbox 80 682 241 750; x_wconf 85' lang='lat' dir='ltr'><strong>recentiores,</strong></span> <span class='ocrx_word' id='word_1_23' title='bbox 262 697 415 758; x_wconf 77' lang='lat' dir='ltr'><strong>nugarum</strong></span> <span class='ocrx_word' id='word_1_24' title='bbox 427 679 665 756; x_wconf 87' lang='lat' dir='ltr'><strong>perniciosarum</strong></span> <span class='ocrx_word' id='word_1_25' title='bbox 679 679 848 758; x_wconf 76' lang='lat' dir='ltr'><strong>magistros</strong></span> <span class='ocrx_word' id='word_1_26' title='bbox 860 677 1003 752; x_wconf 78' lang='lat' dir='ltr'><strong>audiebat.</strong></span> 
     </span>
     <span class='ocr_line' id='line_1_5' title="bbox 1139 777 1153 812; baseline 0 0"><span class='ocrx_word' id='word_1_27' title='bbox 1139 777 1153 812; x_wconf 65' lang='grc' dir='ltr'><strong>θ</strong></span> 
     </span>
    </p>
   </div>
   <div class='ocr_carea' id='block_1_4' title="bbox 19 1003 1362 2780">
    <p class='ocr_par' dir='ltr' id='par_1_4' title="bbox 19 1003 1362 2780">
     <span class='ocr_line' id='line_1_6' title="bbox 149 1003 1362 1116; baseline 0.002 -31"><span class='ocrx_word' id='word_1_28' title='bbox 149 1025 272 1086; x_wconf 77' lang='lat' dir='ltr'><strong>bomani</strong></span> <span class='ocrx_word' id='word_1_29' title='bbox 285 1025 316 1084; x_wconf 89' lang='lat' dir='ltr'><strong>in</strong></span> <span class='ocrx_word' id='word_1_30' title='bbox 332 1025 454 1102; x_wconf 86' lang='lat' dir='ltr'><strong>antiqua</strong></span> <span class='ocrx_word' id='word_1_31' title='bbox 468 1022 592 1084; x_wconf 74' lang='lat' dir='ltr'><strong>&#39;i&#39;raiani</strong></span> <span class='ocrx_word' id='word_1_32' title='bbox 607 1025 703 1086; x_wconf 76' lang='lat' dir='ltr'><strong>Dabla</strong></span> <span class='ocrx_word' id='word_1_33' title='bbox 717 1023 782 1084; x_wconf 89' lang='lat' dir='ltr'><strong>suis</strong></span> <span class='ocrx_word' id='word_1_34' title='bbox 797 1023 935 1102; x_wconf 79' lang='lat' dir='ltr'><strong>familiis,</strong></span> <span class='ocrx_word' id='word_1_35' title='bbox 956 1003 1206 1102; x_wconf 68' lang='lat' dir='ltr'><strong>possessionibus</strong></span> <span class='ocrx_word' id='word_1_36' title='bbox 1219 1033 1250 1087; x_wconf 91' lang='lat' dir='ltr'><strong>ei</strong></span> <span class='ocrx_word' id='word_1_37' title='bbox 1356 1095 1362 1116; x_wconf 37' lang='lat' dir='ltr'><em>l</em></span> 
     </span>
     <span class='ocr_line' id='line_1_7' title="bbox 83 1127 1249 1209; baseline 0.002 -22"><span class='ocrx_word' id='word_1_38' title='bbox 83 1130 144 1189; x_wconf 79' lang='lat' dir='ltr'><strong>nauli</strong></span> <span class='ocrx_word' id='word_1_39' title='bbox 156 1131 233 1202; x_wconf 90' lang='lat' dir='ltr'><strong>solo,</strong></span> <span class='ocrx_word' id='word_1_40' title='bbox 257 1129 339 1209; x_wconf 87' lang='lat' dir='ltr'><strong>quod</strong></span> <span class='ocrx_word' id='word_1_41' title='bbox 351 1127 416 1203; x_wconf 88' lang='lat' dir='ltr'><strong>jam</strong></span> <span class='ocrx_word' id='word_1_42' title='bbox 431 1128 566 1205; x_wconf 89' lang='lat' dir='ltr'><strong>ipsorum</strong></span> <span class='ocrx_word' id='word_1_43' title='bbox 582 1139 649 1190; x_wconf 86' lang='lat' dir='ltr'><strong>erat</strong></span> <span class='ocrx_word' id='word_1_44' title='bbox 661 1131 776 1208; x_wconf 89' lang='lat' dir='ltr'><strong>patria,</strong></span> <span class='ocrx_word' id='word_1_45' title='bbox 799 1129 934 1209; x_wconf 84' lang='lat' dir='ltr'><strong>alligati,</strong></span> <span class='ocrx_word' id='word_1_46' title='bbox 956 1129 1097 1190; x_wconf 82' lang='lat' dir='ltr'><strong>fatalibus</strong></span> <span class='ocrx_word' id='word_1_47' title='bbox 1112 1129 1160 1189; x_wconf 90' lang='lat' dir='ltr'><strong>bis</strong></span> <span class='ocrx_word' id='word_1_48' title='bbox 1176 1139 1249 1190; x_wconf 91' lang='lat' dir='ltr'><strong>tem·</strong></span> 
     </span>
     <span class='ocr_line' id='line_1_8' title="bbox 82 1213 1253 1312; baseline 0.005 -23"><span class='ocrx_word' id='word_1_49' title='bbox 82 1233 180 1308; x_wconf 86' lang='lat' dir='ltr'><strong>poribus,</strong></span> <span class='ocrx_word' id='word_1_50' title='bbox 201 1235 314 1312; x_wconf 84' lang='lat' dir='ltr'><strong>quibus</strong></span> <span class='ocrx_word' id='word_1_51' title='bbox 329 1235 449 1292; x_wconf 83' lang='lat' dir='ltr'><strong>Romae·</strong></span> <span class='ocrx_word' id='word_1_52' title='bbox 460 1251 577 1311; x_wconf 86' lang='lat' dir='ltr'><strong>quoque</strong></span> <span class='ocrx_word' id='word_1_53' title='bbox 596 1233 674 1294; x_wconf 92' lang='lat' dir='ltr'><strong>baud</strong></span> <span class='ocrx_word' id='word_1_54' title='bbox 693 1213 833 1294; x_wconf 81' lang='lat' dir='ltr'><strong>securior</strong></span> <span class='ocrx_word' id='word_1_55' title='bbox 855 1241 921 1293; x_wconf 87' lang='lat' dir='ltr'><strong>erat</strong></span> <span class='ocrx_word' id='word_1_56' title='bbox 936 1235 1009 1304; x_wconf 82' lang='lat' dir='ltr'><strong>viia,</strong></span> <span class='ocrx_word' id='word_1_57' title='bbox 1032 1253 1119 1312; x_wconf 84' lang='lat' dir='ltr'><strong>quarn</strong></span> <span class='ocrx_word' id='word_1_58' title='bbox 1132 1225 1164 1295; x_wconf 85' lang='lat' dir='ltr'><strong>in</strong></span> <span class='ocrx_word' id='word_1_59' title='bbox 1181 1235 1253 1295; x_wconf 63' lang='lat' dir='ltr'><strong>uitii</strong></span> 
     </span>
     <span class='ocr_line' id='line_1_9' title="bbox 82 1319 1347 1424; baseline 0.006 -32"><span class='ocrx_word' id='word_1_60' title='bbox 82 1335 120 1392; x_wconf 89' lang='lat' dir='ltr'><strong>nis</strong></span> <span class='ocrx_word' id='word_1_61' title='bbox 132 1345 218 1396; x_wconf 88' lang='lat' dir='ltr'><strong>terrae</strong></span> <span class='ocrx_word' id='word_1_62' title='bbox 235 1335 360 1406; x_wconf 65' lang='lat' dir='ltr'><strong>finibus</strong></span> <span class='ocrx_word' id='word_1_63' title='bbox 382 1338 462 1396; x_wconf 89' lang='lat' dir='ltr'><strong>inter</strong></span> <span class='ocrx_word' id='word_1_64' title='bbox 484 1338 610 1416; x_wconf 86' lang='lat' dir='ltr'><strong>quosvis</strong></span> <span class='ocrx_word' id='word_1_65' title='bbox 622 1339 746 1415; x_wconf 77' lang='lat' dir='ltr'><strong>ignotos</strong></span> <span class='ocrx_word' id='word_1_66' title='bbox 764 1337 930 1418; x_wconf 83' lang='lat' dir='ltr'><strong>barbaros,¹</strong></span> <span class='ocrx_word' id='word_1_67' title='bbox 942 1319 1050 1416; x_wconf 79' lang='lat' dir='ltr'><strong>jugum</strong></span> <span class='ocrx_word' id='word_1_68' title='bbox 1066 1338 1249 1409; x_wconf 82' lang='lat' dir='ltr'><strong>Gothorum,</strong></span> <span class='ocrx_word' id='word_1_69' title='bbox 1266 1345 1274 1424; x_wconf 47' lang='grc'><strong>,’</strong></span> <span class='ocrx_word' id='word_1_70' title='bbox 1344 1341 1347 1346; x_wconf 87' lang='grc'><strong>’</strong></span> 
     </span>
     <span class='ocr_line' id='line_1_10' title="bbox 19 1420 1251 1520; baseline 0.003 -20"><span class='ocrx_word' id='word_1_71' title='bbox 19 1447 20 1500; x_wconf 81' lang='lat' dir='ltr'><strong>i</strong></span> <span class='ocrx_word' id='word_1_72' title='bbox 82 1439 156 1515; x_wconf 78' lang='lat' dir='ltr'><strong>qubus</strong></span> <span class='ocrx_word' id='word_1_73' title='bbox 176 1460 229 1518; x_wconf 89' lang='lat' dir='ltr'><strong>per</strong></span> <span class='ocrx_word' id='word_1_74' title='bbox 253 1441 367 1520; x_wconf 75' lang='lat' dir='ltr'><strong>viginti</strong></span> <span class='ocrx_word' id='word_1_75' title='bbox 387 1441 484 1501; x_wconf 82' lang='lat' dir='ltr'><strong>ferme</strong></span> <span class='ocrx_word' id='word_1_76' title='bbox 506 1459 654 1502; x_wconf 87' lang='lat' dir='ltr'><strong>annorum</strong></span> <span class='ocrx_word' id='word_1_77' title='bbox 671 1420 890 1502; x_wconf 56' lang='lat' dir='ltr'><strong>&#39;commercium</strong></span> <span class='ocrx_word' id='word_1_78' title='bbox 906 1442 1023 1502; x_wconf 85' lang='lat' dir='ltr'><strong>adsueti</strong></span> <span class='ocrx_word' id='word_1_79' title='bbox 1037 1443 1143 1511; x_wconf 72' lang='lat' dir='ltr'><strong>erant,</strong></span> <span class='ocrx_word' id='word_1_80' title='bbox 1156 1444 1251 1508; x_wconf 85' lang='lat' dir='ltr'><strong>¹ierre</strong></span> 
     </span>
     <span class='ocr_line' id='line_1_11' title="bbox 19 1543 1250 1630; baseline 0.007 -31"><span class='ocrx_word' id='word_1_81' title='bbox 19 1549 20 1578; x_wconf 63' lang='lat' dir='ltr'><strong>l</strong></span> <span class='ocrx_word' id='word_1_82' title='bbox 85 1544 221 1616; x_wconf 73' lang='lat' dir='ltr'><strong>nonerunt,</strong></span> <span class='ocrx_word' id='word_1_83' title='bbox 245 1563 338 1624; x_wconf 84' lang='lat' dir='ltr'><strong>quarn</strong></span> <span class='ocrx_word' id='word_1_84' title='bbox 361 1547 461 1605; x_wconf 90' lang='lat' dir='ltr'><strong>omnia</strong></span> <span class='ocrx_word' id='word_1_85' title='bbox 481 1543 557 1606; x_wconf 85' lang='lat' dir='ltr'><strong>baec</strong></span> <span class='ocrx_word' id='word_1_86' title='bbox 579 1555 664 1607; x_wconf 87' lang='lat' dir='ltr'><strong>certa</strong></span> <span class='ocrx_word' id='word_1_87' title='bbox 683 1547 855 1630; x_wconf 86' lang='lat' dir='ltr'><strong>relinquere</strong></span> <span class='ocrx_word' id='word_1_88' title='bbox 876 1545 966 1624; x_wconf 86' lang='lat' dir='ltr'><strong>bona,</strong></span> <span class='ocrx_word' id='word_1_89' title='bbox 988 1547 1062 1604; x_wconf 91' lang='lat' dir='ltr'><strong>etin</strong></span> <span class='ocrx_word' id='word_1_90' title='bbox 1078 1563 1157 1605; x_wconf 81' lang='lat' dir='ltr'><strong>nova</strong></span> <span class='ocrx_word' id='word_1_91' title='bbox 1172 1549 1250 1624; x_wconf 91' lang='lat' dir='ltr'><strong>ipsis</strong></span> 
     </span>
     <span class='ocr_line' id='line_1_12' title="bbox 85 1629 1251 1730; baseline 0.005 -24"><span class='ocrx_word' id='word_1_92' title='bbox 85 1650 205 1725; x_wconf 80' lang='lat' dir='ltr'><strong>peregrina</strong></span> <span class='ocrx_word' id='word_1_93' title='bbox 225 1651 364 1709; x_wconf 89' lang='lat' dir='ltr'><strong>transire</strong></span> <span class='ocrx_word' id='word_1_94' title='bbox 385 1650 463 1721; x_wconf 89' lang='lat' dir='ltr'><strong>loca,</strong></span> <span class='ocrx_word' id='word_1_95' title='bbox 485 1629 603 1712; x_wconf 85' lang='lat' dir='ltr'><strong>ineerta</strong></span> <span class='ocrx_word' id='word_1_96' title='bbox 624 1661 805 1730; x_wconf 73' lang='lat' dir='ltr'><strong>quaerentes</strong></span> <span class='ocrx_word' id='word_1_97' title='bbox 823 1645 876 1727; x_wconf 75' lang='lat'><strong>”).</strong></span> <span class='ocrx_word' id='word_1_98' title='bbox 899 1645 1090 1728; x_wconf 80' lang='lat' dir='ltr'><strong>Quapropter</strong></span> <span class='ocrx_word' id='word_1_99' title='bbox 1111 1666 1251 1712; x_wconf 89' lang='lat' dir='ltr'><strong>numero·</strong></span> 
     </span>
     <span class='ocr_line' id='line_1_13' title="bbox 82 1751 1251 1836; baseline 0.009 -30"><span class='ocrx_word' id='word_1_100' title='bbox 82 1751 187 1812; x_wconf 85' lang='lat' dir='ltr'><strong>sissinae</strong></span> <span class='ocrx_word' id='word_1_101' title='bbox 209 1764 241 1814; x_wconf 92' lang='lat' dir='ltr'><strong>et</strong></span> <span class='ocrx_word' id='word_1_102' title='bbox 254 1756 489 1832; x_wconf 87' lang='lat' dir='ltr'><strong>potentissimae</strong></span> <span class='ocrx_word' id='word_1_103' title='bbox 503 1757 655 1836; x_wconf 75' lang='lat' dir='ltr'><strong>familiae,</strong></span> <span class='ocrx_word' id='word_1_104' title='bbox 676 1769 864 1836; x_wconf 85' lang='lat' dir='ltr'><strong>nequaquam</strong></span> <span class='ocrx_word' id='word_1_105' title='bbox 881 1755 1037 1815; x_wconf 82' lang='lat' dir='ltr'><strong>Aureliani</strong></span> <span class='ocrx_word' id='word_1_106' title='bbox 1052 1756 1197 1816; x_wconf 84' lang='lat' dir='ltr'><strong>militaria</strong></span> <span class='ocrx_word' id='word_1_107' title='bbox 1218 1758 1251 1817; x_wconf 89' lang='lat' dir='ltr'><strong>ln</strong></span> 
     </span>
     <span class='ocr_line' id='line_1_14' title="bbox 82 1852 1250 1939; baseline 0.006 -26"><span class='ocrx_word' id='word_1_108' title='bbox 82 1852 179 1931; x_wconf 73' lang='lat' dir='ltr'><strong>tysiam</strong></span> <span class='ocrx_word' id='word_1_109' title='bbox 195 1869 323 1918; x_wconf 86' lang='lat' dir='ltr'><strong>secutae</strong></span> <span class='ocrx_word' id='word_1_110' title='bbox 337 1869 409 1919; x_wconf 93' lang='lat' dir='ltr'><strong>sunt</strong></span> <span class='ocrx_word' id='word_1_111' title='bbox 424 1860 585 1936; x_wconf 85' lang='lat' dir='ltr'><strong>praesidio,</strong></span> <span class='ocrx_word' id='word_1_112' title='bbox 608 1877 676 1919; x_wconf 89' lang='lat' dir='ltr'><strong>oum</strong></span> <span class='ocrx_word' id='word_1_113' title='bbox 690 1861 839 1938; x_wconf 84' lang='lat' dir='ltr'><strong>parcioris</strong></span> <span class='ocrx_word' id='word_1_114' title='bbox 855 1859 998 1917; x_wconf 79' lang='lat' dir='ltr'><strong>ios-tunae</strong></span> <span class='ocrx_word' id='word_1_115' title='bbox 1009 1855 1176 1930; x_wconf 74' lang='lat' dir='ltr'><strong>iratribus,</strong></span> <span class='ocrx_word' id='word_1_116' title='bbox 1199 1861 1250 1939; x_wconf 81' lang='lat' dir='ltr'><strong>qut</strong></span> 
     </span>
     <span class='ocr_line' id='line_1_15' title="bbox 79 1960 1250 2043; baseline 0.007 -27"><span class='ocrx_word' id='word_1_117' title='bbox 79 1960 130 2018; x_wconf 87' lang='lat' dir='ltr'><strong>nibil</strong></span> <span class='ocrx_word' id='word_1_118' title='bbox 143 1961 206 2023; x_wconf 91' lang='lat' dir='ltr'><strong>binc</strong></span> <span class='ocrx_word' id='word_1_119' title='bbox 218 1965 295 2023; x_wconf 90' lang='lat' dir='ltr'><strong>illuc</strong></span> <span class='ocrx_word' id='word_1_120' title='bbox 308 1962 474 2042; x_wconf 87' lang='lat' dir='ltr'><strong>perdebant</strong></span> <span class='ocrx_word' id='word_1_121' title='bbox 486 1965 667 2043; x_wconf 80' lang='lat' dir='ltr'><strong>migrantes.</strong></span> <span class='ocrx_word' id='word_1_122' title='bbox 696 1964 754 2021; x_wconf 77' lang='lat' dir='ltr'><strong>Ast</strong></span> <span class='ocrx_word' id='word_1_123' title='bbox 774 1979 831 2021; x_wconf 89' lang='lat' dir='ltr'><strong>nee</strong></span> <span class='ocrx_word' id='word_1_124' title='bbox 852 1961 1024 2022; x_wconf 83' lang='lat' dir='ltr'><strong>Gothorum</strong></span> <span class='ocrx_word' id='word_1_125' title='bbox 1046 1963 1120 2024; x_wconf 91' lang='lat' dir='ltr'><strong>adeo</strong></span> <span class='ocrx_word' id='word_1_126' title='bbox 1142 1966 1250 2024; x_wconf 89' lang='lat' dir='ltr'><strong>durum</strong></span> 
     </span>
     <span class='ocr_line' id='line_1_16' title="bbox 25 2051 1251 2146; baseline 0.005 -24"><span class='ocrx_word' id='word_1_127' title='bbox 25 2051 28 2060; x_wconf 66' lang='grc'><strong><em>’</em></strong></span> <span class='ocrx_word' id='word_1_128' title='bbox 78 2065 238 2143; x_wconf 69' lang='lat' dir='ltr'><strong>bijugum,</strong></span> <span class='ocrx_word' id='word_1_129' title='bbox 262 2085 334 2127; x_wconf 90' lang='lat' dir='ltr'><strong>nam</strong></span> <span class='ocrx_word' id='word_1_130' title='bbox 355 2067 387 2126; x_wconf 91' lang='lat' dir='ltr'><strong>hi</strong></span> <span class='ocrx_word' id='word_1_131' title='bbox 408 2078 442 2128; x_wconf 91' lang='lat' dir='ltr'><strong>nt</strong></span> <span class='ocrx_word' id='word_1_132' title='bbox 461 2067 584 2128; x_wconf 88' lang='lat' dir='ltr'><strong>barbari</strong></span> <span class='ocrx_word' id='word_1_133' title='bbox 606 2062 939 2137; x_wconf 84' lang='lat' dir='ltr'><strong>oxbellovleiiiantes,</strong></span> <span class='ocrx_word' id='word_1_134' title='bbox 961 2067 1040 2126; x_wconf 90' lang='lat' dir='ltr'><strong>sein</strong></span> <span class='ocrx_word' id='word_1_135' title='bbox 1055 2069 1251 2146; x_wconf 88' lang='lat' dir='ltr'><strong>possessione</strong></span> 
     </span>
     <span class='ocr_line' id='line_1_17' title="bbox 78 2169 1251 2258; baseline 0.009 -36"><span class='ocrx_word' id='word_1_136' title='bbox 78 2170 219 2241; x_wconf 81' lang='lat' dir='ltr'><strong>prouinciae</strong></span> <span class='ocrx_word' id='word_1_137' title='bbox 237 2170 398 2242; x_wconf 85' lang='lat' dir='ltr'><strong>videntes,</strong></span> <span class='ocrx_word' id='word_1_138' title='bbox 420 2169 535 2230; x_wconf 90' lang='lat' dir='ltr'><strong>incolas</strong></span> <span class='ocrx_word' id='word_1_139' title='bbox 556 2170 698 2248; x_wconf 82' lang='lat' dir='ltr'><strong>pacificos</strong></span> <span class='ocrx_word' id='word_1_140' title='bbox 720 2186 779 2230; x_wconf 90' lang='lat' dir='ltr'><strong>non</strong></span> <span class='ocrx_word' id='word_1_141' title='bbox 806 2171 973 2234; x_wconf 75' lang='lat' dir='ltr'><strong>modo&#39;non</strong></span> <span class='ocrx_word' id='word_1_142' title='bbox 995 2171 1173 2258; x_wconf 65' lang='lat' dir='ltr'><strong>turbarwrt,</strong></span> <span class='ocrx_word' id='word_1_143' title='bbox 1195 2172 1251 2232; x_wconf 87' lang='lat' dir='ltr'><strong>sed</strong></span> 
     </span>
     <span class='ocr_line' id='line_1_18' title="bbox 75 2271 1251 2347; baseline 0.008 -20"><span class='ocrx_word' id='word_1_144' title='bbox 75 2271 142 2332; x_wconf 81' lang='lat' dir='ltr'><strong>etiarn</strong></span> <span class='ocrx_word' id='word_1_145' title='bbox 160 2284 268 2334; x_wconf 83' lang='lat' dir='ltr'><strong>contra</strong></span> <span class='ocrx_word' id='word_1_146' title='bbox 286 2293 391 2334; x_wconf 90' lang='lat' dir='ltr'><strong>omnes</strong></span> <span class='ocrx_word' id='word_1_147' title='bbox 414 2275 491 2334; x_wconf 84' lang='lat' dir='ltr'><strong>alios</strong></span> <span class='ocrx_word' id='word_1_148' title='bbox 513 2274 709 2333; x_wconf 79' lang='lat' dir='ltr'><strong>defenderunt</strong></span> <span class='ocrx_word' id='word_1_149' title='bbox 727 2276 924 2347; x_wconf 78' lang='lat' dir='ltr'><strong>incursores,</strong></span> <span class='ocrx_word' id='word_1_150' title='bbox 947 2285 977 2337; x_wconf 90' lang='lat' dir='ltr'><strong>ei</strong></span> <span class='ocrx_word' id='word_1_151' title='bbox 994 2285 1027 2337; x_wconf 92' lang='lat' dir='ltr'><strong>ut</strong></span> <span class='ocrx_word' id='word_1_152' title='bbox 1046 2285 1146 2337; x_wconf 86' lang='lat' dir='ltr'><strong>terres</strong></span> <span class='ocrx_word' id='word_1_153' title='bbox 1168 2285 1251 2336; x_wconf 86' lang='lat' dir='ltr'><strong>tren·</strong></span> 
     </span>
     <span class='ocr_line' id='line_1_19' title="bbox 76 2376 1250 2462; baseline 0.006 -29"><span class='ocrx_word' id='word_1_154' title='bbox 76 2376 144 2450; x_wconf 82' lang='lat' dir='ltr'><strong>quille</strong></span> <span class='ocrx_word' id='word_1_155' title='bbox 159 2380 305 2452; x_wconf 87' lang='lat' dir='ltr'><strong>colerent,</strong></span> <span class='ocrx_word' id='word_1_156' title='bbox 327 2379 404 2439; x_wconf 90' lang='lat' dir='ltr'><strong>unde</strong></span> <span class='ocrx_word' id='word_1_157' title='bbox 418 2379 478 2456; x_wconf 90' lang='lat' dir='ltr'><strong>ipsi</strong></span> <span class='ocrx_word' id='word_1_158' title='bbox 495 2397 616 2458; x_wconf 86' lang='lat' dir='ltr'><strong>quoque</strong></span> <span class='ocrx_word' id='word_1_159' title='bbox 629 2380 742 2438; x_wconf 88' lang='lat' dir='ltr'><strong>victum</strong></span> <span class='ocrx_word' id='word_1_160' title='bbox 757 2399 812 2456; x_wconf 92' lang='lat' dir='ltr'><strong>pro</strong></span> <span class='ocrx_word' id='word_1_161' title='bbox 830 2377 937 2457; x_wconf 88' lang='lat' dir='ltr'><strong>spoliis</strong></span> <span class='ocrx_word' id='word_1_162' title='bbox 952 2382 1071 2462; x_wconf 79' lang='lat' dir='ltr'><strong>aliunde</strong></span> <span class='ocrx_word' id='word_1_163' title='bbox 1090 2381 1185 2445; x_wconf 87' lang='lat' dir='ltr'><strong>armis</strong></span> <span class='ocrx_word' id='word_1_164' title='bbox 1201 2385 1250 2441; x_wconf 86' lang='lat' dir='ltr'><strong>a&#39;e·</strong></span> 
     </span>
     <span class='ocr_line' id='line_1_20' title="bbox 76 2479 1250 2553; baseline 0.006 -15"><span class='ocrx_word' id='word_1_165' title='bbox 76 2479 169 2553; x_wconf 81' lang='lat' dir='ltr'><strong>quiritis</strong></span> <span class='ocrx_word' id='word_1_166' title='bbox 188 2483 350 2553; x_wconf 86' lang='lat' dir='ltr'><strong>haberent,</strong></span> <span class='ocrx_word' id='word_1_167' title='bbox 372 2483 554 2544; x_wconf 77' lang='lat' dir='ltr'><strong>animarent.</strong></span> <span class='ocrx_word' id='word_1_168' title='bbox 574 2481 662 2544; x_wconf 80' lang='lat' dir='ltr'><strong>Haeo</strong></span> <span class='ocrx_word' id='word_1_169' title='bbox 681 2485 761 2542; x_wconf 87' lang='lat' dir='ltr'><strong>inter</strong></span> <span class='ocrx_word' id='word_1_170' title='bbox 780 2483 928 2544; x_wconf 84' lang='lat' dir='ltr'><strong>barbaros</strong></span> <span class='ocrx_word' id='word_1_171' title='bbox 951 2503 1059 2546; x_wconf 86' lang='lat' dir='ltr'><strong>secure</strong></span> <span class='ocrx_word' id='word_1_172' title='bbox 1069 2485 1190 2546; x_wconf 86' lang='lat' dir='ltr'><strong>vivendi</strong></span> <span class='ocrx_word' id='word_1_173' title='bbox 1201 2503 1250 2545; x_wconf 88' lang='lat' dir='ltr'><strong>ra·</strong></span> 
     </span>
     <span class='ocr_line' id='line_1_21' title="bbox 77 2577 1252 2671; baseline 0.008 -32"><span class='ocrx_word' id='word_1_174' title='bbox 77 2581 118 2652; x_wconf 88' lang='lat' dir='ltr'><strong>iio,</strong></span> <span class='ocrx_word' id='word_1_175' title='bbox 133 2586 159 2644; x_wconf 91' lang='lat' dir='ltr'><strong>in</strong></span> <span class='ocrx_word' id='word_1_176' title='bbox 174 2596 289 2646; x_wconf 85' lang='lat' dir='ltr'><strong>tantam</strong></span> <span class='ocrx_word' id='word_1_177' title='bbox 311 2586 388 2664; x_wconf 88' lang='lat' dir='ltr'><strong>apud</strong></span> <span class='ocrx_word' id='word_1_178' title='bbox 405 2587 612 2663; x_wconf 57' lang='lat' dir='ltr'><strong>eosssabiverat</strong></span> <span class='ocrx_word' id='word_1_179' title='bbox 629 2577 893 2658; x_wconf 82' lang='lat' dir='ltr'><strong>consuetudinem,</strong></span> <span class='ocrx_word' id='word_1_180' title='bbox 915 2599 949 2649; x_wconf 90' lang='lat' dir='ltr'><strong>ut</strong></span> <span class='ocrx_word' id='word_1_181' title='bbox 966 2591 1124 2671; x_wconf 91' lang='lat' dir='ltr'><strong>nequidem</strong></span> <span class='ocrx_word' id='word_1_182' title='bbox 1141 2589 1177 2648; x_wconf 86' lang='lat' dir='ltr'><strong>ab</strong></span> <span class='ocrx_word' id='word_1_183' title='bbox 1194 2590 1252 2648; x_wconf 86' lang='lat' dir='ltr'><strong>im·</strong></span> 
     </span>
     <span class='ocr_line' id='line_1_22' title="bbox 74 2689 1248 2780; baseline 0.008 -37"><span class='ocrx_word' id='word_1_184' title='bbox 74 2689 232 2752; x_wconf 79' lang='lat' dir='ltr'><strong>nouissimis</strong></span> <span class='ocrx_word' id='word_1_185' title='bbox 247 2701 376 2752; x_wconf 85' lang='lat' dir='ltr'><strong>cunetae</strong></span> <span class='ocrx_word' id='word_1_186' title='bbox 391 2695 531 2780; x_wconf 71' lang='lat' dir='ltr'><strong>Europae</strong></span> <span class='ocrx_word' id='word_1_187' title='bbox 544 2703 696 2755; x_wconf 88' lang='lat' dir='ltr'><strong>terrorem</strong></span> <span class='ocrx_word' id='word_1_188' title='bbox 711 2694 926 2755; x_wconf 76' lang='lat' dir='ltr'><strong>inpatientibus</strong></span> <span class='ocrx_word' id='word_1_189' title='bbox 946 2693 1086 2754; x_wconf 85' lang='lat' dir='ltr'><strong>barbaris</strong></span> <span class='ocrx_word' id='word_1_190' title='bbox 1109 2692 1229 2762; x_wconf 83' lang='lat' dir='ltr'><strong>Hunnis</strong></span> <span class='ocrx_word' id='word_1_191' title='bbox 1235 2735 1248 2775; x_wconf 87' lang='lat'><strong>,</strong></span> 
     </span>
    </p>
   </div>
   <div class='ocr_carea' id='block_1_5' title="bbox 75 2893 421 2920">
    <p class='ocr_par' dir='ltr' id='par_1_5' title="bbox 75 2893 421 2920">
     <span class='ocr_line' id='line_1_23' title="bbox 75 2893 421 2920; baseline -0.006 0"><span class='ocrx_word' id='word_1_192' title='bbox 75 2893 421 2920; x_wconf 54' lang='lat' dir='ltr'><strong>w</strong></span> 
     </span>
    </p>
   </div>
   <div class='ocr_carea' id='block_1_6' title="bbox 19 3015 1249 3138">
    <p class='ocr_par' dir='ltr' id='par_1_6' title="bbox 19 3015 1249 3138">
     <span class='ocr_line' id='line_1_24' title="bbox 19 3015 1249 3138; baseline 0.006 -21"><span class='ocrx_word' id='word_1_193' title='bbox 19 3015 21 3048; x_wconf 28' lang='lat'><em>}</em></span> <span class='ocrx_word' id='word_1_194' title='bbox 110 3061 131 3128; x_wconf 76' lang='lat'><strong>¹)</strong></span> <span class='ocrx_word' id='word_1_195' title='bbox 145 3066 185 3120; x_wconf 90' lang='lat' dir='ltr'><strong>ita</strong></span> <span class='ocrx_word' id='word_1_196' title='bbox 199 3069 356 3136; x_wconf 74' lang='lat' dir='ltr'><strong>reznam,</strong></span> <span class='ocrx_word' id='word_1_197' title='bbox 375 3073 408 3122; x_wconf 83' lang='lat' dir='ltr'><strong>ut</strong></span> <span class='ocrx_word' id='word_1_198' title='bbox 425 3051 550 3137; x_wconf 77' lang='lat' dir='ltr'><strong>reliquos</strong></span> <span class='ocrx_word' id='word_1_199' title='bbox 566 3073 710 3124; x_wconf 84' lang='lat' dir='ltr'><strong>taceamus</strong></span> <span class='ocrx_word' id='word_1_200' title='bbox 727 3081 744 3125; x_wconf 87' lang='lat' dir='ltr'><strong>u</strong></span> <span class='ocrx_word' id='word_1_201' title='bbox 762 3070 914 3129; x_wconf 65' lang='lat' dir='ltr'><strong>immersio</strong></span> <span class='ocrx_word' id='word_1_202' title='bbox 931 3082 1023 3138; x_wconf 83' lang='lat' dir='ltr'><strong>usque</strong></span> <span class='ocrx_word' id='word_1_203' title='bbox 1040 3067 1075 3122; x_wconf 95' lang='lat' dir='ltr'><strong>ad</strong></span> <span class='ocrx_word' id='word_1_204' title='bbox 1093 3072 1249 3126; x_wconf 73' lang='lat' dir='ltr'><strong>salsense.</strong></span> 
     </span>
    </p>
   </div>
   <div class='ocr_carea' id='block_1_7' title="bbox 92 3167 1285 3693">
    <p class='ocr_par' dir='ltr' id='par_1_7' title="bbox 99 3167 1285 3510">
     <span class='ocr_line' id='line_1_25' title="bbox 99 3167 1249 3252; baseline 0.003 -24"><span class='ocrx_word' id='word_1_205' title='bbox 99 3167 130 3240; x_wconf 75' lang='lat' dir='ltr'><strong>”l</strong></span> <span class='ocrx_word' id='word_1_206' title='bbox 144 3176 201 3230; x_wconf 80' lang='lat' dir='ltr'><strong>i&#39;be</strong></span> <span class='ocrx_word' id='word_1_207' title='bbox 219 3177 269 3230; x_wconf 92' lang='lat' dir='ltr'><strong>old</strong></span> <span class='ocrx_word' id='word_1_208' title='bbox 287 3184 406 3252; x_wconf 82' lang='lat' dir='ltr'><strong>country</strong></span> <span class='ocrx_word' id='word_1_209' title='bbox 414 3178 456 3251; x_wconf 78' lang='lat' dir='ltr'><strong>oi</strong></span> <span class='ocrx_word' id='word_1_210' title='bbox 468 3179 529 3232; x_wconf 84' lang='lat' dir='ltr'><strong>that</strong></span> <span class='ocrx_word' id='word_1_211' title='bbox 545 3191 626 3232; x_wconf 88' lang='lat' dir='ltr'><strong>name</strong></span> <span class='ocrx_word' id='word_1_212' title='bbox 640 3176 751 3245; x_wconf 88' lang='lat' dir='ltr'><strong>[Dacia]</strong></span> <span class='ocrx_word' id='word_1_213' title='bbox 770 3177 907 3242; x_wconf 88' lang='lat' dir='ltr'><strong>detained,</strong></span> <span class='ocrx_word' id='word_1_214' title='bbox 925 3178 1068 3244; x_wconf 85' lang='lat' dir='ltr'><strong>however,</strong></span> <span class='ocrx_word' id='word_1_215' title='bbox 1086 3191 1105 3231; x_wconf 87' lang='lat' dir='ltr'><strong>a</strong></span> <span class='ocrx_word' id='word_1_216' title='bbox 1121 3177 1249 3232; x_wconf 89' lang='lat' dir='ltr'><strong>conside·</strong></span> 
     </span>
     <span class='ocr_line' id='line_1_26' title="bbox 147 3266 1248 3334; baseline 0.003 -18"><span class='ocrx_word' id='word_1_217' title='bbox 147 3266 226 3320; x_wconf 85' lang='lat' dir='ltr'><strong>rabie</strong></span> <span class='ocrx_word' id='word_1_218' title='bbox 244 3267 364 3320; x_wconf 87' lang='lat' dir='ltr'><strong>number</strong></span> <span class='ocrx_word' id='word_1_219' title='bbox 381 3267 413 3320; x_wconf 84' lang='lat' dir='ltr'><strong>oi</strong></span> <span class='ocrx_word' id='word_1_220' title='bbox 427 3268 469 3328; x_wconf 56' lang='lat' dir='ltr'><strong>its,</strong></span> <span class='ocrx_word' id='word_1_221' title='bbox 481 3267 664 3334; x_wconf 85' lang='lat' dir='ltr'><strong>inhabitants,</strong></span> <span class='ocrx_word' id='word_1_222' title='bbox 680 3267 876 3320; x_wconf 88' lang='lat' dir='ltr'><strong>wbodreuded</strong></span> <span class='ocrx_word' id='word_1_223' title='bbox 894 3267 966 3320; x_wconf 82' lang='lat' dir='ltr'><strong>exile</strong></span> <span class='ocrx_word' id='word_1_224' title='bbox 979 3282 1067 3331; x_wconf 84' lang='lat' dir='ltr'><strong>more,</strong></span> <span class='ocrx_word' id='word_1_225' title='bbox 1085 3269 1179 3320; x_wconf 83' lang='lat' dir='ltr'><strong>thena</strong></span> <span class='ocrx_word' id='word_1_226' title='bbox 1190 3267 1248 3320; x_wconf 75' lang='lat' dir='ltr'><strong>Go-</strong></span> 
     </span>
     <span class='ocr_line' id='line_1_27' title="bbox 146 3353 1251 3424; baseline 0.004 -19"><span class='ocrx_word' id='word_1_227' title='bbox 146 3353 205 3407; x_wconf 86' lang='lat' dir='ltr'><strong>thic</strong></span> <span class='ocrx_word' id='word_1_228' title='bbox 220 3361 339 3408; x_wconf 85' lang='lat' dir='ltr'><strong>master.</strong></span> <span class='ocrx_word' id='word_1_229' title='bbox 351 3357 442 3408; x_wconf 78' lang='lat' dir='ltr'><strong>These</strong></span> <span class='ocrx_word' id='word_1_230' title='bbox 458 3354 755 3422; x_wconf 73' lang='lat' dir='ltr'><strong>degenereteliomans</strong></span> <span class='ocrx_word' id='word_1_231' title='bbox 774 3356 923 3408; x_wconf 83' lang='lat' dir='ltr'><strong>continued</strong></span> <span class='ocrx_word' id='word_1_232' title='bbox 937 3363 965 3408; x_wconf 95' lang='lat' dir='ltr'><strong>to</strong></span> <span class='ocrx_word' id='word_1_233' title='bbox 977 3370 1058 3409; x_wconf 86' lang='lat' dir='ltr'><strong>serve</strong></span> <span class='ocrx_word' id='word_1_234' title='bbox 1072 3357 1120 3409; x_wconf 91' lang='lat' dir='ltr'><strong>tbe</strong></span> <span class='ocrx_word' id='word_1_235' title='bbox 1135 3355 1251 3424; x_wconf 86' lang='lat' dir='ltr'><strong>empire,</strong></span> 
     </span>
     <span class='ocr_line' id='line_1_28' title="bbox 145 3430 1285 3510; baseline 0.001 -16"><span class='ocrx_word' id='word_1_236' title='bbox 145 3443 246 3496; x_wconf 87' lang='lat' dir='ltr'><strong>whose</strong></span> <span class='ocrx_word' id='word_1_237' title='bbox 263 3430 419 3510; x_wconf 76' lang='lat' dir='ltr'><strong>allegiance</strong></span> <span class='ocrx_word' id='word_1_238' title='bbox 435 3443 503 3509; x_wconf 83' lang='lat' dir='ltr'><strong>they</strong></span> <span class='ocrx_word' id='word_1_239' title='bbox 520 3443 575 3495; x_wconf 90' lang='lat' dir='ltr'><strong>had</strong></span> <span class='ocrx_word' id='word_1_240' title='bbox 592 3442 769 3508; x_wconf 86' lang='lat' dir='ltr'><strong>renouuoed‚</strong></span> <span class='ocrx_word' id='word_1_241' title='bbox 792 3441 828 3509; x_wconf 81' lang='lat' dir='ltr'><strong>by</strong></span> <span class='ocrx_word' id='word_1_242' title='bbox 850 3442 1029 3510; x_wconf 75' lang='lat' dir='ltr'><strong>introducing</strong></span> <span class='ocrx_word' id='word_1_243' title='bbox 1052 3458 1153 3510; x_wconf 74' lang='lat' dir='ltr'><strong>among</strong></span> <span class='ocrx_word' id='word_1_244' title='bbox 1178 3443 1252 3497; x_wconf 88' lang='lat' dir='ltr'><strong>their</strong></span> <span class='ocrx_word' id='word_1_245' title='bbox 1283 3481 1285 3484; x_wconf 85' lang='lat'>-</span> 
     </span>
    </p>

    <p class='ocr_par' dir='ltr' id='par_1_8' title="bbox 92 3529 1251 3693">
     <span class='ocr_line' id='line_1_29' title="bbox 92 3529 1251 3607; baseline 0 -23"><span class='ocrx_word' id='word_1_246' title='bbox 92 3600 97 3607; x_wconf 31' lang='grc' dir='ltr'><strong><em>Ι</em></strong></span> <span class='ocrx_word' id='word_1_247' title='bbox 146 3529 321 3600; x_wconf 82' lang='lat' dir='ltr'><strong>conquerors</strong></span> <span class='ocrx_word' id='word_1_248' title='bbox 338 3533 388 3587; x_wconf 91' lang='lat' dir='ltr'><strong>the</strong></span> <span class='ocrx_word' id='word_1_249' title='bbox 404 3532 468 3584; x_wconf 86' lang='lat' dir='ltr'><strong>first</strong></span> <span class='ocrx_word' id='word_1_250' title='bbox 484 3532 598 3585; x_wconf 79' lang='lat' dir='ltr'><strong>notione</strong></span> <span class='ocrx_word' id='word_1_251' title='bbox 617 3531 650 3584; x_wconf 87' lang='lat' dir='ltr'><strong>oi</strong></span> <span class='ocrx_word' id='word_1_252' title='bbox 663 3531 846 3598; x_wconf 66' lang='lat' dir='ltr'><strong>agriculture,</strong></span> <span class='ocrx_word' id='word_1_253' title='bbox 863 3532 911 3584; x_wconf 87' lang='lat' dir='ltr'><strong>the</strong></span> <span class='ocrx_word' id='word_1_254' title='bbox 927 3532 1022 3583; x_wconf 85' lang='lat' dir='ltr'><strong>useiui</strong></span> <span class='ocrx_word' id='word_1_255' title='bbox 1038 3539 1112 3598; x_wconf 82' lang='lat' dir='ltr'><strong>aris,</strong></span> <span class='ocrx_word' id='word_1_256' title='bbox 1130 3531 1185 3598; x_wconf 88' lang='lat' dir='ltr'><strong>und</strong></span> <span class='ocrx_word' id='word_1_257' title='bbox 1203 3533 1251 3584; x_wconf 86' lang='lat' dir='ltr'><strong>the</strong></span> 
     </span>
     <span class='ocr_line' id='line_1_30' title="bbox 147 3607 1251 3693; baseline -0.002 -19"><span class='ocrx_word' id='word_1_258' title='bbox 147 3621 353 3674; x_wconf 87' lang='lat' dir='ltr'><strong>convenienees</strong></span> <span class='ocrx_word' id='word_1_259' title='bbox 371 3621 404 3674; x_wconf 83' lang='lat' dir='ltr'><strong>oi</strong></span> <span class='ocrx_word' id='word_1_260' title='bbox 418 3622 546 3674; x_wconf 85' lang='lat' dir='ltr'><strong>civilised</strong></span> <span class='ocrx_word' id='word_1_261' title='bbox 563 3621 622 3674; x_wconf 82' lang='lat' dir='ltr'><strong>life.</strong></span> <span class='ocrx_word' id='word_1_262' title='bbox 639 3622 682 3672; x_wconf 79' lang='lat' dir='ltr'><strong>An</strong></span> <span class='ocrx_word' id='word_1_263' title='bbox 699 3621 879 3673; x_wconf 84' lang='lat' dir='ltr'><strong>intercourse</strong></span> <span class='ocrx_word' id='word_1_264' title='bbox 896 3621 929 3673; x_wconf 87' lang='lat' dir='ltr'><strong>oi</strong></span> <span class='ocrx_word' id='word_1_265' title='bbox 943 3635 1100 3693; x_wconf 75' lang='lat' dir='ltr'><strong>commeroe</strong></span> <span class='ocrx_word' id='word_1_266' title='bbox 1118 3607 1171 3673; x_wconf 70' lang='lat' dir='ltr'><strong>a‘nd</strong></span> <span class='ocrx_word' id='word_1_267' title='bbox 1191 3620 1251 3678; x_wconf 70' lang='lat' dir='ltr'><strong>iar»</strong></span> 
     </span>
    </p>
   </div>
   <div class='ocr_carea' id='block_1_8' title="bbox 148 3698 1344 3777">
    <p class='ocr_par' dir='ltr' id='par_1_9' title="bbox 148 3698 1344 3777">
     <span class='ocr_line' id='line_1_31' title="bbox 148 3698 1344 3777; baseline 0.003 -16"><span class='ocrx_word' id='word_1_268' title='bbox 148 3724 253 3777; x_wconf 63' lang='lat' dir='ltr'><strong>guare,</strong></span> <span class='ocrx_word' id='word_1_269' title='bbox 270 3718 330 3762; x_wconf 86' lang='lat' dir='ltr'><strong>was</strong></span> <span class='ocrx_word' id='word_1_270' title='bbox 348 3709 493 3777; x_wconf 74' lang='lat' dir='ltr'><strong>gradually</strong></span> <span class='ocrx_word' id='word_1_271' title='bbox 513 3709 685 3762; x_wconf 89' lang='lat' dir='ltr'><strong>established</strong></span> <span class='ocrx_word' id='word_1_272' title='bbox 702 3708 830 3762; x_wconf 87' lang='lat' dir='ltr'><strong>between</strong></span> <span class='ocrx_word' id='word_1_273' title='bbox 847 3710 895 3762; x_wconf 88' lang='lat' dir='ltr'><strong>the</strong></span> <span class='ocrx_word' id='word_1_274' title='bbox 914 3711 1042 3777; x_wconf 87' lang='lat' dir='ltr'><strong>opposite</strong></span> <span class='ocrx_word' id='word_1_275' title='bbox 1054 3698 1145 3765; x_wconf 67' lang='lat' dir='ltr'><strong>efflas</strong></span> <span class='ocrx_word' id='word_1_276' title='bbox 1160 3709 1251 3764; x_wconf 83' lang='lat' dir='ltr'><strong>nithe</strong></span> <span class='ocrx_word' id='word_1_277' title='bbox 1343 3705 1344 3712; x_wconf 64' lang='lat'><em>&#39;</em></span> 
     </span>
    </p>
   </div>
   <div class='ocr_carea' id='block_1_9' title="bbox 110 3794 1296 4130">
    <p class='ocr_par' dir='ltr' id='par_1_10' title="bbox 110 3794 1296 4130">
     <span class='ocr_line' id='line_1_32' title="bbox 148 3794 1251 3872; baseline 0.002 -22"><span class='ocrx_word' id='word_1_278' title='bbox 148 3797 284 3860; x_wconf 70' lang='lat' dir='ltr'><strong>Danubor</strong></span> <span class='ocrx_word' id='word_1_279' title='bbox 302 3798 357 3851; x_wconf 89' lang='lat' dir='ltr'><strong>and</strong></span> <span class='ocrx_word' id='word_1_280' title='bbox 374 3799 553 3872; x_wconf 67' lang='lat' dir='ltr'><strong>alternante</strong></span> <span class='ocrx_word' id='word_1_281' title='bbox 569 3798 683 3851; x_wconf 82' lang='lat' dir='ltr'><strong>became</strong></span> <span class='ocrx_word' id='word_1_282' title='bbox 701 3813 736 3850; x_wconf 88' lang='lat' dir='ltr'><strong>an</strong></span> <span class='ocrx_word' id='word_1_283' title='bbox 751 3797 936 3865; x_wconf 86' lang='lat' dir='ltr'><strong>iudependent</strong></span> <span class='ocrx_word' id='word_1_284' title='bbox 953 3794 1085 3860; x_wconf 86' lang='lat' dir='ltr'><strong>state,&#39;it</strong></span> <span class='ocrx_word' id='word_1_285' title='bbox 1096 3798 1251 3866; x_wconf 85' lang='lat' dir='ltr'><strong>oiicnpro·</strong></span> 
     </span>
     <span class='ocr_line' id='line_1_33' title="bbox 149 3885 1296 3954; baseline -0.001 -14"><span class='ocrx_word' id='word_1_286' title='bbox 149 3889 205 3940; x_wconf 85' lang='lat' dir='ltr'><strong>ved</strong></span> <span class='ocrx_word' id='word_1_287' title='bbox 221 3888 270 3940; x_wconf 87' lang='lat' dir='ltr'><strong>the</strong></span> <span class='ocrx_word' id='word_1_288' title='bbox 287 3887 395 3948; x_wconf 86' lang='lat' dir='ltr'><strong>firmest</strong></span> <span class='ocrx_word' id='word_1_289' title='bbox 411 3887 522 3941; x_wconf 89' lang='lat' dir='ltr'><strong>barrier</strong></span> <span class='ocrx_word' id='word_1_290' title='bbox 540 3888 572 3940; x_wconf 87' lang='lat' dir='ltr'><strong>oi</strong></span> <span class='ocrx_word' id='word_1_291' title='bbox 585 3889 634 3941; x_wconf 92' lang='lat' dir='ltr'><strong>the</strong></span> <span class='ocrx_word' id='word_1_292' title='bbox 657 3887 762 3954; x_wconf 79' lang='lat' dir='ltr'><strong>empIre</strong></span> <span class='ocrx_word' id='word_1_293' title='bbox 785 3887 896 3954; x_wconf 76' lang='lat' dir='ltr'><strong>against</strong></span> <span class='ocrx_word' id='word_1_294' title='bbox 917 3887 965 3938; x_wconf 91' lang='lat' dir='ltr'><strong>the</strong></span> <span class='ocrx_word' id='word_1_295' title='bbox 989 3885 1132 3938; x_wconf 87' lang='lat' dir='ltr'><strong>invasione</strong></span> <span class='ocrx_word' id='word_1_296' title='bbox 1154 3887 1186 3939; x_wconf 87' lang='lat' dir='ltr'><strong>oi</strong></span> <span class='ocrx_word' id='word_1_297' title='bbox 1202 3887 1251 3940; x_wconf 89' lang='lat' dir='ltr'><strong>the</strong></span> <span class='ocrx_word' id='word_1_298' title='bbox 1291 3911 1296 3920; x_wconf 75' lang='lat'>=</span> 
     </span>
     <span class='ocr_line' id='line_1_34' title="bbox 110 3973 1291 4044; baseline -0.002 -16"><span class='ocrx_word' id='word_1_299' title='bbox 110 3995 115 4008; x_wconf 91' lang='lat'><strong>·</strong></span> <span class='ocrx_word' id='word_1_300' title='bbox 149 3991 270 4044; x_wconf 78' lang='lat' dir='ltr'><strong>savages</strong></span> <span class='ocrx_word' id='word_1_301' title='bbox 288 3975 321 4028; x_wconf 82' lang='lat' dir='ltr'><strong>oi</strong></span> <span class='ocrx_word' id='word_1_302' title='bbox 333 3975 382 4028; x_wconf 86' lang='lat' dir='ltr'><strong>the</strong></span> <span class='ocrx_word' id='word_1_303' title='bbox 394 3976 495 4029; x_wconf 83' lang='lat' dir='ltr'><strong>North.</strong></span> <span class='ocrx_word' id='word_1_304' title='bbox 508 3975 535 4026; x_wconf 79' lang='grc' dir='ltr'><strong>Α</strong></span> <span class='ocrx_word' id='word_1_305' title='bbox 552 3987 636 4028; x_wconf 88' lang='lat' dir='ltr'><strong>sense</strong></span> <span class='ocrx_word' id='word_1_306' title='bbox 654 3975 687 4026; x_wconf 86' lang='lat' dir='ltr'><strong>oi</strong></span> <span class='ocrx_word' id='word_1_307' title='bbox 701 3973 821 4027; x_wconf 84' lang='lat' dir='ltr'><strong>interest</strong></span> <span class='ocrx_word' id='word_1_308' title='bbox 838 3973 966 4026; x_wconf 86' lang='lat' dir='ltr'><strong>attached</strong></span> <span class='ocrx_word' id='word_1_309' title='bbox 984 3973 1065 4025; x_wconf 87' lang='lat' dir='ltr'><strong>these</strong></span> <span class='ocrx_word' id='word_1_310' title='bbox 1082 3986 1160 4026; x_wconf 87' lang='lat' dir='ltr'><strong>more</strong></span> <span class='ocrx_word' id='word_1_311' title='bbox 1177 3979 1268 4026; x_wconf 88' lang='lat' dir='ltr'><strong>sett··</strong></span> <span class='ocrx_word' id='word_1_312' title='bbox 1289 3983 1291 3987; x_wconf 82' lang='lat'>&#39;</span> 
     </span>
     <span class='ocr_line' id='line_1_35' title="bbox 152 4060 1250 4130; baseline 0.002 -17"><span class='ocrx_word' id='word_1_313' title='bbox 152 4063 200 4114; x_wconf 88' lang='lat' dir='ltr'><strong>led</strong></span> <span class='ocrx_word' id='word_1_314' title='bbox 214 4063 379 4116; x_wconf 83' lang='lat' dir='ltr'><strong>barbarione</strong></span> <span class='ocrx_word' id='word_1_315' title='bbox 392 4070 422 4116; x_wconf 89' lang='lat' dir='ltr'><strong>to</strong></span> <span class='ocrx_word' id='word_1_316' title='bbox 435 4065 484 4116; x_wconf 86' lang='lat' dir='ltr'><strong>the</strong></span> <span class='ocrx_word' id='word_1_317' title='bbox 496 4063 615 4116; x_wconf 85' lang='lat' dir='ltr'><strong>allicuee</strong></span> <span class='ocrx_word' id='word_1_318' title='bbox 629 4063 662 4116; x_wconf 82' lang='lat' dir='ltr'><strong>oi</strong></span> <span class='ocrx_word' id='word_1_319' title='bbox 669 4065 768 4128; x_wconf 78' lang='lat' dir='ltr'><strong>Rome,</strong></span> <span class='ocrx_word' id='word_1_320' title='bbox 787 4063 841 4114; x_wconf 90' lang='lat' dir='ltr'><strong>and</strong></span> <span class='ocrx_word' id='word_1_321' title='bbox 853 4077 869 4114; x_wconf 89' lang='lat' dir='ltr'><strong>a</strong></span> <span class='ocrx_word' id='word_1_322' title='bbox 880 4067 1043 4130; x_wconf 84' lang='lat' dir='ltr'><strong>permanent</strong></span> <span class='ocrx_word' id='word_1_323' title='bbox 1053 4060 1174 4114; x_wconf 85' lang='lat' dir='ltr'><strong>interest</strong></span> <span class='ocrx_word' id='word_1_324' title='bbox 1183 4076 1250 4129; x_wconf 74' lang='lat' dir='ltr'><strong>very</strong></span> 
     </span>
    </p>
   </div>
   <div class='ocr_carea' id='block_1_10' title="bbox 154 4150 1334 4222">
    <p class='ocr_par' dir='ltr' id='par_1_11' title="bbox 154 4150 1334 4222">
     <span class='ocr_line' id='line_1_36' title="bbox 154 4150 1334 4222; baseline 0 -20"><span class='ocrx_word' id='word_1_325' title='bbox 154 4151 308 4220; x_wconf 74' lang='lat' dir='ltr'><strong>frequently</strong></span> <span class='ocrx_word' id='word_1_326' title='bbox 322 4153 418 4222; x_wconf 86' lang='lat' dir='ltr'><strong>ripens</strong></span> <span class='ocrx_word' id='word_1_327' title='bbox 431 4153 490 4206; x_wconf 88' lang='lat' dir='ltr'><strong>into</strong></span> <span class='ocrx_word' id='word_1_328' title='bbox 508 4153 619 4206; x_wconf 87' lang='lat' dir='ltr'><strong>sineere</strong></span> <span class='ocrx_word' id='word_1_329' title='bbox 636 4152 695 4204; x_wconf 90' lang='lat' dir='ltr'><strong>and</strong></span> <span class='ocrx_word' id='word_1_330' title='bbox 711 4153 805 4205; x_wconf 85' lang='lat' dir='ltr'><strong>usciul</strong></span> <span class='ocrx_word' id='word_1_331' title='bbox 823 4150 986 4217; x_wconf 80' lang='lat' dir='ltr'><strong>friendsbip.</strong></span> <span class='ocrx_word' id='word_1_332' title='bbox 1005 4153 1118 4216; x_wconf 77' lang='lat' dir='ltr'><strong>thbon,</strong></span> <span class='ocrx_word' id='word_1_333' title='bbox 1132 4153 1185 4202; x_wconf 80' lang='lat' dir='ltr'><strong>i&#39;ite</strong></span> <span class='ocrx_word' id='word_1_334' title='bbox 1198 4153 1253 4202; x_wconf 79' lang='lat' dir='ltr'><strong>Hi·</strong></span> <span class='ocrx_word' id='word_1_335' title='bbox 1332 4213 1334 4219; x_wconf 45' lang='lat'><strong>,</strong></span> 
     </span>
    </p>
   </div>
   <div class='ocr_carea' id='block_1_11' title="bbox 153 4241 1252 4393">
    <p class='ocr_par' dir='ltr' id='par_1_12' title="bbox 153 4241 1252 4393">
     <span class='ocr_line' id='line_1_37' title="bbox 153 4241 1252 4305; baseline -0.015 0"><span class='ocrx_word' id='word_1_336' title='bbox 153 4249 225 4304; x_wconf 59' lang='grc' dir='ltr'><strong>’Μ</strong></span> <span class='ocrx_word' id='word_1_337' title='bbox 241 4248 274 4304; x_wconf 81' lang='lat' dir='ltr'><strong>os</strong></span> <span class='ocrx_word' id='word_1_338' title='bbox 285 4247 329 4300; x_wconf 78' lang='lat' dir='ltr'><strong>ata</strong></span> <span class='ocrx_word' id='word_1_339' title='bbox 345 4245 453 4300; x_wconf 77' lang='lat' dir='ltr'><strong>decline</strong></span> <span class='ocrx_word' id='word_1_340' title='bbox 470 4248 526 4300; x_wconf 80' lang='lat' dir='ltr'><strong>ond</strong></span> <span class='ocrx_word' id='word_1_341' title='bbox 542 4247 596 4305; x_wconf 78' lang='lat' dir='ltr'><strong>scii</strong></span> <span class='ocrx_word' id='word_1_342' title='bbox 610 4245 644 4304; x_wconf 72' lang='lat' dir='ltr'><strong>or</strong></span> <span class='ocrx_word' id='word_1_343' title='bbox 656 4247 699 4296; x_wconf 80' lang='lat' dir='ltr'><strong>tte</strong></span> <span class='ocrx_word' id='word_1_344' title='bbox 716 4246 821 4296; x_wconf 84' lang='lat' dir='ltr'><strong>iiomco</strong></span> <span class='ocrx_word' id='word_1_345' title='bbox 837 4241 955 4300; x_wconf 75' lang='lat' dir='ltr'><strong>Emnire.</strong></span> <span class='ocrx_word' id='word_1_346' title='bbox 981 4241 1091 4294; x_wconf 83' lang='lat' dir='ltr'><strong>Voiamc</strong></span> <span class='ocrx_word' id='word_1_347' title='bbox 1114 4243 1157 4294; x_wconf 85' lang='lat' dir='ltr'><strong>tbe</strong></span> <span class='ocrx_word' id='word_1_348' title='bbox 1179 4241 1252 4304; x_wconf 68' lang='lat' dir='ltr'><strong>lirae,</strong></span> 
     </span>
     <span class='ocr_line' id='line_1_38' title="bbox 154 4330 378 4393; baseline 0 -9"><span class='ocrx_word' id='word_1_349' title='bbox 154 4330 236 4393; x_wconf 67' lang='lat' dir='ltr'><strong>edon·</strong></span> <span class='ocrx_word' id='word_1_350' title='bbox 249 4333 298 4388; x_wconf 83' lang='lat' dir='ltr'><strong>iii.</strong></span> <span class='ocrx_word' id='word_1_351' title='bbox 376 4345 378 4354; x_wconf 90' lang='lat'>·</span> 
     </span>
    </p>
   </div>
   <div class='ocr_carea' id='block_1_12' title="bbox 0 0 1476 4860">
    <p class='ocr_par' dir='ltr' id='par_1_13' title="bbox 0 0 1476 4860">
     <span class='ocr_line' id='line_1_39' title="bbox 0 0 1476 4860; baseline 0 0"><span class='ocrx_word' id='word_1_352' title='bbox 0 0 1476 4860; x_wconf 95' lang='lat' dir='ltr'><strong> </strong></span> 
     </span>
    </p>
   </div>
  </div>
 </body>
</html>
