2930 4860
188 311 280 370 x‘xx'
1188 395 1198 400 f

160 525 163 532 Δ
186 453 322 514 triarcba
344 471 430 514 mens
451 451 712 530 metropolitanus,
733 449 879 530 Episcopi
891 457 922 510 et
936 447 1168 528 archiepiscopi
1184 452 1325 512 etenncti
1336 447 1401 510 Sa·'

188 559 330 619 oerdotes
359 560 515 618 Romanae
545 556 666 616 subsint
684 551 862 625 Ecclesiae,
891 565 922 614 et
942 555 1197 642 tencantllegem,
1220 565 1251 616 et
1265 573 1394 616 consuc-

190 662 323 721 tudinem
345 673 375 722 et
397 660 652 730 observationem,
664 677 739 737 quas
757 639 918 720 tennerunt
938 660 1048 718 beatae
1069 649 1236 720 memoriae
1258 662 1393 737 Impera·
1454 655 1456 674 ¹

153 728 161 800 Ι
185 777 271 828 tonos
292 767 388 825 totins
408 766 575 844 Balgatiae
597 767 781 844 etmarias,
803 763 904 839 prisci
933 764 977 822 illi
998 764 1104 822 nostri·
1118 764 1394 851 praedecessores,

186 880 218 930 et
238 889 295 930 nos
317 870 423 929 eodem
444 870 533 930 modo
556 871 815 946 vestigia'eorum
837 870 1001 927 imitantes.
1025 868 1194 946 Subsignat
1215 878 1314 928 autern
1336 870 1395 926 im·

185 973 303 1050 perium
325 989 437 1030 meum.
449 973 486 1031 ad
509 974 713 1056 securitatem
729 971 951 1045 chrysobolum
974 989 1073 1040 snum,
1096 972 1175 1047 quod
1192 988 1343 1048 nunquam
1356 972 1395 1030 ab

184 1075 324 1137 &alesia
337 1077 485 1156 Romana,
508 1085 539 1134 et
559 1075 596 1134 ab
619 1075 786 1150 apostoliea
808 1075 891 1151 sede,
913 1075 1050 1152 principe
1062 1076 1279 1150 Apostolorum
1287 1063 1395 1143 Petro,

185 1183 285 1258 ipsum
299 1177 440 1238 videlicet
459 1180 620 1257 imperium
638 1195 738 1236 meum
750 1177 895 1247 discedet,
917 1197 1014 1256 neque
1032 1177 1084 1237 alii
1100 1180 1219 1256 imperii
1237 1179 1395 1238 melPrin·

185 1286 268 1360 elpes
291 1282 569 1362 disgregabuntur,
591 1280 645 1338 sed
667 1290 700 1338 nt
720 1291 845 1340 vocatus
869 1282 998 1340 dilectus
1019 1281 1102 1345 filius
1126 1293 1339 1342 sacrosanctae
1364 1293 1397 1342 et

148 1402 153 1414 ”
185 1389 368 1466 apostolicae
389 1389 543 1446 Romanae
567 1384 659 1452 sedis,
681 1385 827 1462 principis
847 1387 1063 1472 Apostolorum
1076 1387 1162 1446 Petri
1177 1405 1239 1456 ero.
1260 1389 1299 1446 Et
1312 1387 1396 1446 dein·

185 1479 257 1569 cep‘s
280 1507 475 1568 quascunque
496 1495 597 1546 terras
620 1486 865 1560 Christianorum
889 1509 944 1548 seu
966 1505 1154 1567 paganorum
1175 1487 1396 1566 meumssacqui·
1455 1491 1456 1502 ¹

142 1587 146 1597 ’
186 1595 295 1655 siverit
315 1593 487 1669 imperium,
510 1591 566 1649 suh
587 1601 736 1672 potestate
758 1601 788 1650 et
801 1592 939 1652 mandato
956 1594 1091 1652 ciusdem
1109 1597 1395 1654 sacrosanctaeRo·

186 1681 291 1762 manae
313 1697 471 1754 Ecclesiae
493 1705 524 1754 et
544 1685 727 1772 apostolicae
744 1697 953 1778 sediserunt.
985 1700 1024 1756 Et
1045 1707 1078 1756 ut
1099 1716 1245 1774 praesens
1258 1698 1394 1774 Chryso·

185 1803 285 1862 bolum
306 1800 426 1876 imperii
447 1800 507 1858 mei
528 1809 627 1858 ratum
649 1809 680 1860 et
700 1800 820 1858 firmum
837 1786 999 1870 habeatnr,
1021 1801 1087 1862 dedi
1108 1801 1268 1878 imperium
1289 1819 1394 1860 meum

184 1899 377 1965 inmanibus
398 1903 647 1962 reverendissimi
668 1903 890 1964 viriJohannis
912 1915 1126 1966 sacrosanctae
1140 1907 1295 1966 Romanae
1307 1906 1392 1966 sedis

184 2007 295 2088 Legati
316 2017 347 2066 et
367 2007 492 2066 Domini
513 2009 613 2084 Papae
636 2008 801 2084 Capeliani,
823 2010 853 2066 in
876 2027 935 2086 quo
955 2018 985 2066 ct
999 2019 1138 2068 nostrum
1152 2011 1235 2085 pium
1251 2019 1282 2068 et
1296 2011 1391 2070 aDeo

185 2120 355 2192 promotum
378 2112 513 2192 signavit
534 2113 693 2188 imperinm
709 2109 1302 2192 enno'sexmillesimoseptingentesimo
1318 2114 1393 2174 duo·

185 2219 313 2286 decimo,
334 2214 498 2274 indictione
521 2217 658 2291 septima.

185 2305 198 2356 ἶ
285 2321 373 2379 illisit
386 2319 691 2396 praetereaBlasinm
699 2317 1012 2378 Brendinuberensem
1025 2320 1207 2397 Episcopum
1223 2339 1290 2381 cum
1304 2327 1390 2398 prae·

185 2417 247 2488 fato
269 2425 389 2484 Joanue
403 2423 575 2500 capellano,
598 2441 652 2499 per
674 2415 772 2499 quem,
785 2422 982 2500 et-quaedam
1004 2423 1181 2482 denariam
1203 2425 1325 2502 signnm
1340 2424 1392 2482 de·

184 2531 316 2594 notionis
333 2529 464 2588 Domino
477 2528 576 2604 Papae
598 2528 780 2596 transmisit,
803 2536 833 2586 et
849 2527 969 2586 litteras
984 2527 1064 2588 hunc
1078 2537 1216 2592 tenorem
1230 2527 1390 2587 habentes.

283 2632 488 2692 §arctissimo
511 2639 542 2690 et
570 2631 752 2690 dominatori
774 2641 804 2690 et
825 2632 992 2690 universali
1012 2631 1113 2706 Papae
1135 2631 1253 2690 sedenti
1269 2632 1392 2715 insede

185 2739 265 2800 besti
285 2738 370 2796 Petri
392 2744 423 2794 et
444 2735 564 2796 domino
579 2736 662 2812 patri
683 2735 772 2812 regni
794 2737 854 2794 mei
874 2737 966 2794 tertio
988 2737 1162 2797 Innocentio
1183 2737 1283 2814 Papae
1304 2738 1392 2798 sedis

185 2841 370 2920 apostolicae
392 2847 422 2898 et
442 2840 599 2898 Ecclesiae
621 2841 777 2901 Romanae
796 2841 1098 2956 *efflmagistrototius
1114 2841 1225 2900 mundis
1244 2842 1342 2918 Spero
1360 2845 1393 2902 in

185 2950 285 3006 Deum
307 2945 490 3004 salvatorem
512 2945 655 3020 omnium,
678 2944 757 3020 qnod
772 2943 847 3002 bene
869 2953 900 3002 et
919 2946 1046 3008 multum
1063 2944 1139 3004 bene
1159 2945 1258 3004 valeat
1279 2949 1393 3006 saneti·

185 3061 233 3112 tas
251 3059 306 3110 tue
324 3066 394 3107 cnm
415 3047 554 3106 omnibus
576 3047 752 3108 sedentibus
774 3050 863 3108 circa
877 3047 1018 3110 thronum
1040 3050 1210 3110 sanctitatis
1231 3057 1301 3108 tuae
1316 3051 1393 3109 (iar-

184 3153 335 3214 dinalibus
357 3160 478 3210 mactae
499 3153 654 3212 Ecclesiae
677 3155 840 3212 Romanae.
872 3153 999 3211 Noverit
1014 3169 1130 3230 magna
1152 3153 1298 3214 carnutas
1319 3161 1412 3230 tna„

184 3256 265 3344 quod
285 3273 343 3333 ego
365 3255 448 3312 filius
469 3263 539 3312 tuus
561 3264 594 3314 et
612 3256 770 3315 Ecclesiae
791 3239 955 3331 Romanae,
977 3257 1146 3332 imperator
1168 3257 1301 3316 omnium
1316 3259 1392 3316 Bul·

185 3377 330 3454 garorum
347 3367 377 3416 et
391 3339 556 3416 Blacornm
577 3375 646 3418 cum
668 3359 808 3418 omnibns
829 3359 1016 3435 principibus
1038 3361 1158 3436 imperii
1179 3360 1239 3420 mei
1260 3359 1393 3418 multum

183 3465 261 3526 bene
282 3481 350 3524 sum
371 3481 427 3538 per
449 3463 548 3529 Deum
570 3471 601 3522 et
621 3463 790 3522 orationem
811 3471 905 3522 tuam.
934 3463 1091 3522 Multot'ies
1114 3464 1198 3522 misit
1225 3451 1408 3538 imperium

184 3585 284 3629 meum
304 3567 425 3624 nuntios
447 3585 521 3625 suos
544 3565 580 3624 ad
602 3568 794 3626 sanctitatem
815 3575 915 3635 tunm,
944 3566 998 3624 sed
1019 3585 1078 3626 non
1100 3568 1280 3626 invenerunt
1299 3585 1393 3642 opor·

183 3670 341 3733 tunitatem
363 3669 538 3728 transeundi
559 3670 596 3730 ad
618 3671 810 3730 sanctitatem
832 3679 925 3730 tuam.
947 3670 1017 3730 Ideo
1039 3681 1122 3730 corte
1143 3689 1203 3732 ιιοιι
1225 3680 1393 3770 potuerunt

183 3776 333 3844 transire,
357 3775 427 3851 quia
448 3775 512 3843 illi,'
529 3775 579 3852 qui
601 3793 660 3834 non
683 3773 833 3836 habebant
854 3793 958 3854 pacem
981 3793 1049 3834 cum
1072 3758 1199 3874 imperia
1221 3793 1300 3844 meo,
1322 3794 1392 3834 ser·

182 3881 294 3940 vabant
322 3880 399 3940 vias
428 3879 541 3937 Postea
562 3897 667 3938 mense
688 3879 773 3936 Junii
795 3867 960 3954 praeterito
985 3868 1145 3956 imperium
1173 3895 1273 3938 meum
1302 3851 1394 3938 misit

111 3981 113 3986 ’
180 3975 451 4059 Arcbiepis'co'pum
481 4000 581 4040 meum
611 3992 645 4040 et
663 3983 755 4041 totins
777 3978 942 4059 Balgariae
973 3985 1110 4062 regionis
1132 3994 1161 4042 et
1181 3983 1392 4042 universalem

183 4095 311 4174 sanctae
328 4095 360 4144 et
380 4103 508 4164 magnae
530 4087 692 4153 Tricores,
715 4093 745 4143 et
766 4101 909 4164 magnum
928 4086 1084 4146 hominem
1098 4087 1219 4162 imperii
1232 4087 1303 4155 mei,
1324 4104 1392 4144 me·

182 4193 241 4252 rito
263 4189 446 4250 norninatum
468 4190 633 4250 Primatem
655 4198 687 4247 et
698 4189 971 4269 Archiepiscopum
987 4193 1079 4251 totius
1091 4189 1257 4268 Balgatiae
1272 4197 1303 4248 et
1315 4190 1391 4252 Blae

180 4299 246 4368 cias
267 4293 562 4362 nomineBasillum.;
586 4293 638 4371 qul
659 4310 727 4353 cum
742 4295 935 4371 pervenisset
949 4293 1147 4362 Duracbium,
1170 4311 1229 4354 nan
1246 4293 1302 4354 init
1316 4311 1389 4368 per-
