2930 4860
649 481 653 489 ¹
675 493 711 555 d.
733 490 918 556 Vettonica.
989 487 993 496 '

285 649 351 708 Nus
374 663 466 724 peer,
488 647 595 723 quies
617 646 719 715 acite
740 664 799 708 vos
822 663 877 706 seu
893 663 933 708 no
952 643 1047 720 scdye
1070 643 1200 712 santlfii;
1222 662 1277 703 vos
1297 661 1391 703 rueme

134 747 138 766 '
185 771 243 812 nos
259 751 489 830 adveigue3vos
504 751 588 812 volte
602 749 697 828 sedye
710 751 784 810 faite
804 769 841 809 en
856 759 915 820 ter,
929 767 997 812 eom
1011 766 1030 808 a
1043 747 1089 834 eir
1096 769 1106 818 ς
1118 749 1189 810 dine
1204 766 1241 808 uo
1258 747 1393 824 ojourdeu

187 855 244 918 nes
260 871 317 934 pan
339 849 513 935 quotidien}
535 853 669 938 pandone
687 874 727 942 ¹¹⁰.
745 873 802 914 uus
818 855 926 934 elenae
934 896 946 931 ,
968 871 1037 914 com
1055 872 1093 914 no
1111 854 1140 913 le
1157 851 1307 930 perdonan
1323 871 1339 910 a
1356 852 1391 910 ei·

186 961 238 1040 qui
252 977 309 1019 uos
328 959 506 1030 encience3
517 961 562 1024 ni
582 977 620 1020 no
637 957 790 1020 luheren
807 957 896 1019 dinen
913 958 949 1020 de
961 957 1134 1046 teutaciuu;
1158 945 1217 1020 mai
1234 957 1345 1017 delivre
1358 973 1391 1017 uc

186 1066 216 1126 di
231 1075 262 1126 te
281 1083 342 1130 ma.

518 1229 553 1292 7.
574 1229 734 1291 Rhaetica
753 1232 823 1291 sive
843 1228 1070 1292 humanensis.

286 1384 353 1445 Bab
369 1401 463 1452 nass,
485 1382 531 1460 ilg
545 1382 615 1460 qual
635 1383 682 1444 cis
701 1392 791 1444 enten
808 1384 866 1444 ciel
873 1403 882 1452 ;
905 1383 998 1462 soing
1014 1383 1132 1462 vangig
1147 1383 1212 1461 iaig
1230 1357 1391 1447 tieu'uunn

187 1490 252 1549 tieu
268 1488 431 1568 raginavel
447 1487 564 1567 neugig
584 1502 644 1546 nou
665 1488 761 1555 tiers;
784 1488 827 1548 tia
850 1487 954 1566 selgia
975 1487 1119 1565 daveutig
1136 1495 1190 1546 s'eo
1215 1497 1303 1546 euten
1325 1485 1391 1554 ciel,

186 1593 311 1674 asclder
333 1594 381 1670 sin
403 1602 508 1660 terra3
538 1609 595 1664 nos
621 1610 701 1670 paun
723 1591 929 1672 daminchiagi
959 1591 1008 1652 dai
1033 1610 1125 1651 anns
1146 1611 1200 1660 oar
1223 1609 1312 1650 anus
1334 1608 1392 1666 prr·

187 1698 288 1756 dunne
304 1716 378 1756 uass
397 1715 547 1780 puccaps,
577 1715 631 1756 sco
648 1715 706 1755 uus
722 1695 921 1774 parduneind
940 1715 997 1756 nos
1010 1697 1170 1775 culpentsr
1191 1713 1209 1755 a
1226 1713 1284 1755 uus
1299 1711 1392 1753 manar

186 1801 246 1862 buc
262 1819 299 1862 en
314 1809 511 1880 pruvament;
533 1819 583 1862 mo
598 1820 656 1862 nus
671 1801 795 1880 spindre
815 1797 887 1880 d'ilg
904 1801 976 1863 mal.
1087 1777 1092 1790 ’

766 1981 770 1992 t

587 2005 984 2022 m

290 2173 465 2254 cutemque
479 2183 592 2236 attente
614 2172 790 2252 inspicienti
810 2173 903 2234 facile
921 2171 1160 2252 unacademque
1177 2173 1334 2252 apparebit
1346 2171 1392 2229 llu-

187 2294 268 2358 gua,
291 2287 321 2338 et
333 2297 388 2356 pro
404 2279 582 2340 diversitate
599 2280 716 2338 ta'ntum
729 2277 869 2338 locorum
883 2277 1016 2336 diversis
1034 2277 1139 2337 luduta
1152 2277 1303 2338 vestibus.
1323 2275 1393 2334 llinc

187 2381 217 2439 sl
239 2361 485 2457 ahsstluctorlltus
507 2401 611 2442 earum
634 2382 787 2450 stabilem,
808 2381 1006 2451 hodiernam,
1028 2382 1158 2442 sormam
1179 2378 1393 2442 determinanti-

188 2483 246 2542 bus
270 2484 362 2544 huius
382 2483 513 2546 unitatis.
526 2485 629 2545 hahita
652 2487 765 2546 luisset
788 2485 866 2545 ratic
878 2527 889 2556 ,
917 2485 1030 2546 saltem
1064 2486 1148 2564 quod
1168 2486 1322 2546 scribendi
1341 2501 1395 2542 mo·

188 2588 277 2659 dum,
304 2592 469 2652 universae
490 2593 631 2652 nationes
653 2591 991 2668 aBesporo'l'lmacico
1015 2609 1114 2668 usque
1136 2591 1173 2650 ad
1193 2585 1395 2650 iretumiiedi·

189 2703 293 2754 tanum
316 2695 443 2769 (demtis
465 2698 582 2774 spuriis
603 2713 662 2754 nou
684 2695 744 2756 huc
764 2695 1004 2772 pertinentibus)
1032 2695 1301 2754 facillimo'semet
1319 2691 1396 2752 intel·

190 2799 326 2878 llgereut
346 2801 477 2860 invicem
498 2800 636 2879 negotio.
658 2798 745 2874 Quod
761 2817 951 2878 nequaquam
966 2809 1029 2858 tam
1047 2799 1175 2859 arduum
1187 2799 1302 2859 suisset
1316 2811 1395 2873 epus,

190 2904 219 2962 sl
237 2903 274 2962 ad
289 2903 486 2982 principales,
509 2923 600 2981 saepe
616 2904 738 2980 citatas,
759 2903 975 2964 reflexerimus
987 2905 1152 2972 dlaleetes,
1175 2921 1252 2980 quae
1269 2920 1340 2962 suas
1356 2915 1397 2957 re·

190 3018 297 3087 spectu
315 3009 494 3068 literaturae
511 3009 632 3084 penitus
648 3006 841 3066 dimoverant
854 3007 1079 3077 nundinantes,
1099 3016 1131 3066 et
1147 3007 1233 3084 ipsae
1248 3005 1397 3066 dominans

190 3112 223 3171 iu
245 3111 339 3171 altum
360 3113 497 3171 tulerunt
518 3113 678 3188 caput'.‘'ln
702 3112 791 3170 ltalia
813 3129 872 3170 una
894 3121 943 3171 est
963 3121 1080 3172 tantum
1101 3111 1207 3190 lingua
1228 3111 1332 3179 docta,
1352 3123 1397 3184 pa·

190 3213 329 3291 nitetque
347 3215 379 3272 in
399 3215 548 3283 Francia3
576 3215 607 3272 in
620 3215 771 3292 Hispania
793 3224 908 3276 tantum
930 3217 1026 3275 valuit
1034 3216 1230 3291 castulum,
1255 3225 1289 3276 ut
1309 3216 1398 3275 ferme

192 3316 285 3376 etiam
293 3317 483 3388 haitanam,
505 3319 630 3395 politice
649 3339 770 3398 quoque
783 3319 821 3380 alt
832 3319 886 3379 illa
900 3320 1163 3398 independentem,
1180 3305 1400 3380 ebseuraaerlt.

193 3419 344 3496 Quantum
367 3421 424 3482 hoc
446 3423 642 3482 emolumenti
664 3411 701 3482 ad
715 3425 927 3483 universalem
938 3415 1165 3504 propagandam
1173 3425 1325 3486 culturam
1338 3437 1401 3498 pru·

194 3523 352 3593 duxisset,
372 3525 462 3584 facile
475 3526 663 3603 perpendere
684 3529 808 3603 peterit,
831 3529 886 3606 qui
905 3537 1046 3588 nostrum
1067 3530 1184 3590 sensim
1198 3529 1235 3588 ad
1249 3539 1401 3601 cosmopu·

192 3625 342 3688 litismum
364 3629 490 3688 tendens
511 3631 754 3691 consideraverit
773 3651 892 3693 aevum.
913 3635 991 3694 llam
1006 3633 1189 3712 sperandum
1203 3629 1402 3693 estvirisbe·

194 3732 260 3802 nis,
282 3741 316 3790 ut
337 3751 413 3810 quos
435 3734 539 3794 satalia
560 3735 730 3794 diviserunt
750 3743 901 3814 tcmppra,
924 3737 1028 3797 eudem
1050 3738 1183 3798 faventia
1204 3739 1327 3806 uniant,
1348 3748 1402 3792 nen

195 3833 232 3897 ad
247 3835 395 3912 reliquas,
416 3836 461 3894 uti
481 3839 581 3896 nostri
602 3837 708 3897 invicti
730 3839 912 3916 saepissime
936 3841 1025 3902 iuviti
1047 3842 1188 3902 lecerunt
1202 3851 1320 3919 patres,
1336 3853 1404 3917 gen·

195 3948 245 3998 tes
267 3939 498 4016 opprimendas,
520 3940 575 4000 sed
597 3939 633 3999 ad
655 3955 781 4017 scopum
803 3945 943 4003 culturae
962 3945 1162 4028 felicitatiqtre
1175 3945 1270 4007 tetius
1286 3936 1406 4005 nunant

196 4043 321 4121 generis
341 4045 531 4124 propesitum
551 4043 673 4106 facilius
695 4043 752 4104 hac
772 4045 824 4107 via
845 4049 1066 4128 attingendum.
