2930 4860
184 341 292 396 lelll

185 500 252 550 nas
277 469 412 579 ubique
438 484 577 550 attente
600 467 872 576 inquisivimus,
898 465 1127 575 antiquiores
1151 466 1318 572 integras
1344 495 1406 546 re·

186 588 433 668 certioribus
440 585 626 719 corruptis
651 584 912 720 praetulimus,
938 583 1125 716 simplices
1151 601 1189 662 et
1212 584 1405 692 praecisas

186 703 390 839 complexis
416 719 454 780 et
478 702 600 808 vagis,
626 703 749 780 minus
775 728 920 810 quoque
945 700 1101 782 usitatas
1122 699 1340 805 vulgaribus
1367 715 1409 777 et

185 821 287 900 tritis
313 813 611 925 anteposuimus,
641 819 706 897 ubi
739 834 862 896 autem
896 815 1150 903 necessarium
1172 817 1407 910 censuimus,

58 1029 59 1032 Ἴ
189 964 317 1014 omnes
342 934 488 1042 quidem
513 933 769 1026 indicavimus,
793 934 860 1012 sed
886 962 950 1012 eas
976 933 1107 1011 maiorr
1097 933 1250 1012 studio
1267 933 1408 1037 selegi-

189 1080 291 1163 mus,
326 1080 417 1158 quas
443 1046 672 1153 argumentis
706 1079 753 1128 ex
782 1049 839 1128 rei
863 1066 996 1128 natura
1018 1049 1144 1156 petitis
1169 1049 1247 1126 nixi
1272 1078 1409 1158 appro-

188 1168 279 1246 bare
310 1166 513 1246 debuimus.
545 1163 830 1300 Etymologiam
859 1194 929 1276 pro
959 1165 1149 1250 Ariadnae
1181 1166 1243 1242 lilo
1277 1165 1408 1244 habui-

189 1314 294 1375 mus,
309 1284 546 1389 Analogiam,
573 1304 784 1418 supremam
809 1281 849 1360 in
872 1279 985 1360 rebus
1011 1283 1265 1386 grammaticis
1289 1283 1408 1388 legis-

188 1399 371 1498 latrioem,
388 1400 524 1516 ubique
539 1400 778 1514 strictissime
792 1399 1084 1490 observavimus,
1101 1419 1302 1506 omnesque
1317 1399 1408 1477 hinc

187 1513 345 1598 fluentes
372 1505 490 1621 leges,
515 1532 658 1595 tantum
673 1533 761 1623 post
777 1516 1007 1596 sufficienter
1030 1515 1233 1650 disquisita
1243 1545 1409 1594 momen-

187 1651 244 1727 ta,
277 1663 347 1742 per
370 1631 619 1711 inductionem
654 1631 861 1710 solenniter
894 1633 1238 1739 pronunciavimus,
1276 1633 1409 1711 nullibi

189 1767 312 1830 autern
337 1750 485 1828 easdem
511 1751 714 1858 anticipare
739 1749 820 1828 ausi
845 1779 993 1846 sumus,
1027 1778 1074 1828 ne
1099 1749 1314 1857 inproprie
1338 1750 1408 1827 im·

192 1865 388 1970 mergendi
413 1867 557 1945 somnia
575 1867 780 1975 periculum
796 1865 1007 1944 subeamus.
1032 1867 1078 1943 ln
1100 1866 1408 1972 pronunciatione

185 1979 407 2090 exponenda
417 1982 506 2060 etin
520 1981 709 2061 scribendi
718 1982 865 2061 ratione
878 1980 1028 2085 figenda
1041 2009 1269 2090 nequaquam
1287 1981 1407 2062 fatuo·

183 2095 335 2176 centn
359 2098 683 2206 disquisitionibus
709 2098 898 2206 empiricis
922 2105 1002 2178 rem
1023 2126 1055 2176 ,a
1084 2097 1201 2204 priori
1232 2097 1407 2179 determi-

185 2213 280 2292 nare
299 2215 563 2320 :satagentium
580 2215 698 2293 secuti
716 2225 844 2292 sumus
860 2213 1071 2305 conamina,
1078 2231 1118 2292 ut
1132 2213 1277 2310 deinde,
1294 2244 1406 2321 quum

191 2331 278 2410 ficta
293 2348 433 2412 nostra
446 2361 577 2412 norma
601 2332 695 2410 salsa
720 2330 844 2428 luerit,
870 2329 1409 2440 ipsa'contorqnerevocabula

185 2445 420 2554 obligemur,
446 2449 492 2528 ad
510 2448 750 2556 justificanda
774 2447 899 2526 inania
924 2447 1408 2544 commenta3sedlllatl1e-

189 2567 410 2644 maticorum
434 2565 494 2644 usi
517 2566 794 2662 methodisueo:
812 2563 1031 2646 adduximus
1050 2564 1409 2670 singulafelementa

188 2676 469 2762 nt›necessario
494 2683 796 2788 omniexparte
820 2709 864 2759 se
879 2680 1251 2776 uobismanilcsteut,
1278 2681 1436 2760 obser.

177 2795 358 2908 'vatisque
383 2797 542 2878 diversis
564 2798 850 2905 coloribus‘pro
876 2797 1026 2876 diverso
1043 2798 1117 2877 situ
1134 2796 1298 2889 reflexis,
1325 2796 1412 2904 ipse

190 2933 311 2994 semet
334 2916 497 3023 prodere
514 2915 856 3023 determinareque·
873 2915 1133 3023 permisimus,
1165 2931 1202 2996 et
1226 2914 1324 2994 hano
1348 2943 1411 2994 so·

189 3032 378 3110 lummodo
404 3028 747 3132 determinationem
778 3034 938 3138 regulae
969 3033 1134 3112 adinstar
1164 3031 1411 3142 signavimus.

191 3149 238 3226 lu
262 3149 436 3227 universa
460 3148 663 3243 dictionum
681 3149 1079 3257 *flamonercomposita
1104 3177 1126 3226 a
1151 3147 1412 3255 simplicibus,

193 3263 639 3396 derivataa'pprimitivis,
664 3293 809 3367 summe
835 3292 919 3346 com
943 3265 1145 3345 attentione
1161 3263 1413 3355 distinximus,

191 3403 253 3457 ue
264 3379 388 3460 omnia
411 3379 450 3456 in
475 3379 601 3458 eadem
624 3381 702 3460 olla
718 3382 901 3486 jacentiaa
897 3382 1164 3460 confusionem
1190 3381 1349 3488 pariant,
1378 3398 1417 3460 et

191 3492 352 3573 incautis
378 3492 550 3586 occultas
582 3499 778 3631 qualitates
803 3499 1015 3588 arbitrandi
1038 3497 1289 3577 occasionem.
1302 3523 1416 3604 prae·

195 3611 325 3702 beant,
357 3589 412 3690 uti
436 3612 648 3720 hucusque
644 3614 769 3693 fieri
756 3615 906 3692 inimica
929 3601 1047 3692 voluit
1072 3614 1246 3708 [ortuum
1263 3629 1417 3692 cuntra-

193 3742 271 3804 cta
268 3727 417 3806 eadem
436 3757 483 3808 ex
500 3757 621 3807 causo
629 3719 908 3823 distraximus,-
916 3729 1128 3865 complicita
1149 3731 1419 3838 explicuimus;

198 3842 324 3921 omnia
352 3861 429 3924 tam
459 3843 559 3924 nuda
589 3847 674 3925 ante
710 3847 839 3925 oculos
852 3893 856 3905 ,
870 3847 1081 3955 posuimus,
1103 3863 1154 3933 ,ut
1180 3848 1318 3926 saltem
1353 3848 1420 3954 qui

194 3959 399 4038 caedmon
425 3981 512 4042 sunt
520 3964 669 4056 ,vfacili
680 3964 839 4062 videre,
858 3979 909 4043 ‘et
933 3964 1057 4043 darei
1079 3963 1237 4044 veritate
1260 3991 1422 4070 persua·

198 4074 280 4154 deri
304 4077 451 4184 possint
473 4080 639 4184 negotio.
674 4080 774 4158 lline
797 4079 925 4159 verbis
945 4081 984 4188 in
1009 4080 1158 4187 legibus
1183 4079 1423 4187 explicandis

103 4253 105 4260 .
196 4194 418 4300 plerumque
442 4193 689 4304 pepercimus,
704 4197 771 4275 sed
796 4197 1230 4306 exemploprotudinus,
1257 4197 1423 4303 quaein

201 4309 271 4388 boo
295 4337 446 4416 genere·
460 4327 528 4416 pro
553 4311 817 4420 experimentis
842 4308 970 4412 baberi
995 4313 1147 4411 dcbeut;
1172 4311 1234 4392 ubi
1253 4311 1427 4416 deripe-
