2930 4860
181 301 291 365 *XX-Vl

196 441 280 500 strae
302 439 482 518 religiosum
504 437 633 507 electum
646 435 961 496 Brendiauherensem
983 433 1102 506 fidelem
1124 431 1400 506 nostrumPresby·
1438 450 1441 458 ¹

195 552 294 604 terum
315 543 453 604 Blasinm
474 540 726 602 una-cum·fidali
746 538 850 602 nuntio
880 547 984 606 vestro
1003 537 1279 615 Arrhipresbytero
1299 535 1406 594 Brun-1

184 647 314 715 ¹dusino,
336 647 507 714 relerentes
528 645 616 704 vobis
639 652 784 720 exparte
806 651 914 710 nostra
934 642 1105 718 gratiarum
1126 641 1261 702 actiones
1283 639 1402 702 eterni·

176 795 177 800 η
196 751 301 814 citiam
322 758 354 811 et
374 750 554 828 servitium,
577 750 657 808 siout
677 749 756 824 patri
780 746 933 822 spirituali
952 753 985 804 et
1005 751 1123 806 summo
1145 743 1295 812 Pontifici,
1324 741 1402 802 San·

136 851 138 856 ’
195 853 333 912 ctissime
353 860 459 928 pater,
486 851 684 930 significastis
707 851 794 908 nobis
815 868 871 926 per
892 866 997 910 sacras
1019 829 1138 912 litteras
1159 857 1299 922 vestras,
1321 845 1403 923 quod
1451 893 1452 898 ,

185 975 253 1016 nos
275 953 520 1030 significaremus
541 955 646 1028 vobis,
678 953 748 1028 quid
770 953 807 1018 ab
827 952 968 1013 Ecclesia
988 953 1123 1022 liemana
1151 961 1299 1028 petamus.
1330 947 1403 1013 Hoc

187 1068 297 1124 ,autom
315 1059 394 1134 petit
414 1059 575 1134 imperium
596 1067 735 1118 nostrum
756 1056 793 1130 ab
814 1057 981 1132 apostoliea
1002 1056 1093 1125 sede,
1114 1065 1148 1116 ut
1168 1074 1225 1119 nos
1247 1055 1346 1122 simus
1369 1053 1402 1110 in

194 1153 480 1228 Ecclesiauomana
502 1163 582 1224 sicut
602 1162 713 1222 matris
735 1159 883 1220 lilialitate
904 1159 1026 1220 firmati.
1048 1159 1200 1238 Imprimis
1215 1159 1346 1236 petimus
1365 1155 1403 1214 ab

185 1265 493 1332 mortuummare
514 1273 611 1322 matrs
633 1272 739 1326 nostra
760 1281 903 1325 coronam
925 1270 957 1324 et
976 1243 1139 1334 honorem,
1161 1261 1401 1342 tanquam'dile·

186 1379 265 1428 etus
286 1370 390 1440 lilius,
421 1368 584 1428 secundom
606 1368 685 1446 quod
706 1362 911 1444 Imperatores
940 1369 1041 1428 nostri
1068 1377 1191 1430 veteres
1219 1367 1402 1446 habuerunt.

196 1475 282 1540 llnus
301 1475 363 1542 luit
380 1474 492 1534 Petrus
514 1471 592 1530 alius
614 1472 749 1542 ¹Samuel,
771 1481 802 1532 et
823 1473 886 1544 alii,
899 1474 961 1554 -qul
985 1491 1038 1532 eos
1054 1445 1091 1532 ¹in
1110 1473 1243 1549 imperio·
1259 1461 1420 1549 praeces-0

190 1587 313 1646 serunt,
334 1577 415 1636 sicut
435 1577 466 1636 in
487 1577 576 1636 libris
598 1577 713 1636 nostris
735 1577 906 1636 invenimus
928 1595 999 1636 esse
1015 1573 1268 1654 scriptum.llunc
1287 1583 1401 1642 autem,

189 1681 225 1743 si
246 1680 389 1758 placitum
412 1689 460 1742 est
481 1680 661 1762 auctoritati!
675 1689 796 1740 vestrae
817 1680 904 1744 nohis
927 1681 1008 1742 istud
1028 1679 1332 1764 implere,.quiequid
1345 1679 1401 1738 im·

191 1785 280 1859 perio
302 1792 408 1850 nostro
430 1782 581 1842 duxeritis
603 1781 819 1860 injungendum
840 1782 878 1842 ad
898 1781 1044 1847 honorem
1056 1786 1117 1844 Dei
1132 1795 1162 1844 et
1172 1765 1328 1849 Ecclesiae
1336 1783 1399 1844 llo·

187 1903 301 1972 manae,
319 1886 529 1963 complebitur.
550 1889 617 1958 Nee
636 1888 788 1957 miremini
809 1886 887 1964 quod
908 1888 1031 1958 nuntius
1044 1899 1149 1948 vester
1166 1890 1257 1948 citius
1271 1907 1332 1953 nou
1347 1905 1396 1946 rc·

177 1989 243 2058 dit,
266 1991 336 2068 quia
357 2009 414 2051 nos
435 1993 584 2068 suspicati
603 1992 716 2054 fuimus
739 1990 852 2067 aliquid
873 1999 980 2050 contra
1000 2011 1085 2062 eum,
1107 1993 1396 2070 quiamultiyene·

159 2143 161 2152 s
188 2104 260 2154 runt
279 2095 311 2154 ln
332 2096 493 2172 imperium
514 2105 654 2159 nostrum
669 2113 726 2154 nos
742 2095 882 2171 decipere
898 2096 1077 2173 cogitantes,
1100 2096 1154 2166 sed
1175 2095 1284 2156 nos-alt
1299 2095 1395 2154 omni·

186 2197 247 2280 butt
264 2199 344 2259 bene
365 2201 505 2260 novimus
527 2199 732 2277 praecavere}
757 2197 818 2256 sed
839 2217 895 2258 nos
916 2216 971 2274 pro
990 2204 1030 2260 eo
1052 2201 1258 2263 testimonium
1278 2198 1393 2274 recepi·

188 2319 258 2362 mus
279 2302 480 2371 Praetextati,
503 2313 534 2362 et
555 2304 584 2362 ei
606 2303 822 2380 acquievimus.
843 2303 961 2374 Verum
983 2304 1010 2364 si
1032 2304 1131 2379 placet
1144 2303 1250 2391 voltisp
1266 2301 1392 2393 sanctis·

188 2406 267 2488 sitne
287 2415 385 2484 pater,
406 2409 516 2470 mittite
535 2408 623 2468 uobis
644 2425 774 2485 magnos
795 2406 998 2493 nuntios„d*e
1015 2407 1123 2486 quihus
1145 2407 1301 2483 nolisper
1314 2406 1394 2464 litte·

186 2528 242 2571 ras
259 2511 440 2580 nuntiastis,
457 2522 488 2572 ot
509 2505 602 2570 istuni
624 2511 771 2570 destinate
794 2528 862 2570 oum
883 2511 946 2575 cisa
968 2519 999 2570 et
1019 2519 1091 2571 tunc
1113 2509 1347 2572 certificabimur
1357 2507 1395 2566 de

187 2613 287 2688 prima
307 2614 454 2678 missione
475 2614 781 2692 paritoretseoupda.
794 2614 858 2674 ‘Det
867 2614 955 2674 vobis
964 2614 1114 2684 Dominus
1122 2616 1234 2677 multos
1248 2631 1355 2678 annos.
1363 2607 1393 2687 ⁴⁵)

288 2719 425 2778 Basilius
448 2737 567 2796 quoque
587 2719 795 2797 Bulgarorum
815 2717 1071 2795 archiepiscopus
1099 2717 1190 2778 huius
1211 2715 1292 2780 modi
1313 2715 1394 2776 litte·

187 2837 240 2884 ras
261 2821 392 2882 Domino
414 2822 514 2899 Papae
535 2823 716 2882 transmisit.
746 2804 749 2812 ’

176 3000 180 3010 ι
277 2923 555 2989 ⁴Honorantissimo
577 2935 608 2986 et
629 2919 822 3010 ranetissimo
845 2943 963 2988 summo
977 2920 1117 2994 Pontifici
1130 2925 1241 3002 Papae,
1263 2925 1393 3002 egoBa·
1451 2959 1452 2974 η

187 3027 277 3092 silius
306 3028 448 3106 indignus
470 3029 727 3110 Archiepiscopus
750 3015 920 3092 sanctitatis
941 3041 1065 3090 restrae
1091 3038 1123 3088 et
1149 3038 1254 3106 pastor
1275 3027 1311 3086 de
1332 3030 1396 3089 Za.

188 3150 277 3210 gera,
297 3131 444 3202 salutem,
465 3133 608 3219 gaudium
631 3142 662 3193 et
681 3131 886 3193 adorationem
899 3135 1016 3194 ‘merite
1036 3133 1124 3194 vehis
1148 3143 1289 3209 tanqumu
1309 3133 1392 3208 patri

185 3243 292 3306 nostro
313 3234 473 3312 spirituali.
509 3235 655 3312 Quamvis
679 3255 738 3296 nen
759 3255 923 3314 possumus
944 3255 1000 3302 vos
1021 3239 1222 3314 corporaliter
1243 3235 1392 3304 adorare,

186 3357 248 3407 vos·
272 3348 371 3403 tomen
401 3341 600 3416 spiritualiter
622 3341 800 3410 adoramus,
834 3341 1025 3403 notificantes
1058 3341 1210 3406 sanctitati
1245 3347 1392 3408 restrae,

70 3469 97 3492 ·.
187 3441 267 3518 quod
287 3459 356 3504 cum
376 3461 433 3504 nos
454 3423 584 3506 vidimus
599 3445 726 3510 missum
748 3462 766 3508 a
787 3425 1392 3518 vohisDominirumrirchipresltyterum

186 3545 423 3615 Brundusinam,
444 3547 511 3606 Deo
532 3549 650 3625 gratias
672 3548 803 3624 opimus,
826 3549 878 3624 qui
898 3566 958 3632 non
981 3545 1119 3622 despexit
1132 3563 1188 3632 nius
1202 3544 1333 3610 humiles
1359 3553 1393 3610 et

186 3647 328 3726 indignos
350 3667 459 3708 servos
482 3668 555 3714 suos
570 3651 741 3714 esurientes
764 3659 795 3714 et
815 3651 953 3716 sitientes
966 3649 1098 3729 gratiam
1108 3658 1138 3710 et
1148 3649 1391 3710 benedictionem

180 3853 589 3874 mnu-nnn-

140 4039 142 4046 '
191 4011 263 4088 “³
282 4023 446 4163 iiiiii
460 4023 683 4164 llill'ii,
696 4025 852 4164 litt
866 4023 1389 4166 ¹⁶i¹¹¹²ts⁸⁰¹¹i⁹⁰⁰7¹¹¹⁰⁰l¹2¹l¹lf
1451 4075 1452 4082 ψ

136 4199 139 4206 ’
218 4215 221 4222 ’
282 4125 608 4252 irilatinadilnlirduslata:
622 4125 730 4260 scindes
749 4127 846 4254 omnds
860 4125 1121 4268 ddisdnphdaildlddd
1133 4125 1327 4266 iliddidsdsduc
1347 4127 1387 4250 dd

248 4285 365 4374 ,tinem
377 4285 404 4338 id
415 4286 553 4344 redolent.
654 4366 658 4374 1
