2930 4860
1167 311 1290 388 »xxxv

95 493 135 531 rae
153 471 191 530 rle
204 437 285 545 ‘inre
309 473 351 532 sit
373 451 531 550 dominus,
546 472 625 533 vlieet
646 473 775 552 aliquam
798 479 913 549 partem
936 473 979 534 tui
994 482 1025 532 ct
1039 473 1128 534 allum
1144 471 1291 552 regaliol-

93 579 174 636 tsrius
197 577 236 634 arl
261 587 382 655 tompus
405 577 536 638 detinent
560 585 744 656 occupatam,
767 577 845 636 nnrle
865 577 988 636 miraris
1013 577 1091 655 quod
1114 587 1175 639 tem
1196 578 1290 637 morri-

95 686 193 742 lestum
218 683 377 740 inimicam
399 692 482 741 tuum
506 689 535 743 le
556 683 727 742 inconsulto
750 683 933 742 tam-subito
947 681 978 741 in
992 681 1110 760 Regem
1125 679 1290 759 proposue-

43 867 45 874 .
101 789 175 844 rinos
200 803 375 855 corenam,-
390 803 479 845 secus
502 787 669 846 esttamen
692 803 730 844 ex
752 783 853 862 aliqua
873 795 970 862 perte,
992 794 1027 844 ut
1047 786 1133 845 salvs
1153 787 1197 844 tul
1218 805 1291 863 pace

103 889 255 966 lopasmul·,·
280 907 348 948 curn
371 889 551 966 superlucet
564 901 622 948 raon
645 889 732 966 plene
747 889 872 948 noveris
885 879 1053 950 v'orltatenr.
1071 890 1150 948 ‘llam
1165 890 1292 966 amiqui-

100 1003 136 1052 us
153 995 361 1072 multillsgcs
383 995 413 1054 in
435 995 583 1074 Bulgsria
603 994 781 1054 successive
792 995 917 1052 luerunt
931 995 1109 1054 auctoritate
1126 995 1291 1071 apostolice

97 1099 233 1166 coronali,
247 1098 340 1158 sicut
359 1098 471 1160 Petrus
493 1109 522 1159 et
535 1095 680 1184 sipost
702 1107 732 1158 et
752 1097 808 1156 atil·
825 1097 959 1156 nonnulli
981 1107 1051 1174 post
1069 1114 1137 1158 cosa
1156 1099 1231 1158 uam
1244 1098 1291 1157 fari

100 1201 343 1275 praedicationem
365 1212 488 1262 sanctae
510 1203 673 1262 memoriae
695 1201 812 1260 Nicolai
834 1191 1082 1278 praedecessoris
1104 1205 1203 1262 nostrl
1225 1204 1293 1261 Rex

100 1305 349 1384 Bulgsrorum,atrl
360 1304 820 1385 quorumconsultasaeplssirue
830 1305 1030 1383 respondebat
1043 1323 1111 1363 cum
1122 1315 1185 1366 toto
1195 1325 1292 1385 regno
1354 1357 1356 1364 .

101 1408 336 1470 silicsmmisso
357 1411 469 1470 meruit
490 1409 654 1487 baptisar13
676 1409 730 1468 sed
751 1410 869 1470 tandem
892 1407 1136 1486 praevalentibus
1151 1411 1292 1480 Graecis,
1375 1398 1382 1411 Χ

106 1510 217 1589 llulgari
231 1511 430 1589 perdiderunt
442 1512 560 1591 regiam
571 1511 773 1592 dignitatem
792 1514 862 1590 quin
875 1513 966 1571 immo
979 1513 1128 1590 compulsi
1138 1512 1292 1592 scillingo

108 1613 270 1690 inperatori
292 1613 623 1694 constantinopolitano
647 1619 776 1688 servire,
799 1617 894 1678 donec
911 1619 1077 1676 novissimo
1093 1617 1151 1676 rluo
1168 1619 1291 1686 iratres,

106 1704 200 1777 Petrus
223 1719 370 1780 videlicet
391 1729 421 1780 ct
430 1721 638 1800 «lonearium,
661 1719 697 1778 rls
718 1721 854 1796 priorum
865 1721 984 1797 lingum
1006 1721 1148 1800 prosapia
1169 1719 1293 1780 descen·

106 1819 205 1890 lentes,
228 1831 344 1882 terram
366 1833 486 1900 patrum
508 1826 633 1888 suorum
654 1823 798 1882 noueram
820 1839 979 1899 occupare,
1002 1841 1091 1901 quam
1112 1841 1293 1900 recuperare

106 1936 266 2004 cooperunt,
288 1927 332 1987 ita
351 1927 431 2006 quod
452 1927 580 1986 uns-ure
601 1927 638 1985 ale
658 1927 779 2004 magnis
801 1925 995 2002 Principibus
1017 1935 1048 1986 et
1060 1929 1226 1986 innumeris
1242 1947 1293 2006 po·

106 2031 171 2104 polis
192 2031 364 2090 mirabilem
386 2041 457 2092 sunt
476 2029 636 2090 victoriam
657 2005 846 2108 conse'qr'ruti.
875 2031 940 2090 Non
955 2049 1030 2109 ergo
1046 2045 1199 2109 negamus,
1223 2033 1292 2110 puin

106 2135 223 2213 aliquam
244 2146 362 2213 partem
384 2145 485 2196 terrae
505 2137 656 2195 violenter
670 2123 863 2205 invaserint,
894 2135 947 2195 sed
977 2143 1152 2194 constanter
1180 2135 1294 2195 assori-

104 2257 181 2309 ruus,
210 2240 290 2316 quod
317 2240 485 2316 plurimam*
506 2241 598 2319 regul
626 2249 742 2317 partem
767 2239 805 2299 lo
823 2238 894 2314 jure
916 2255 1137 2316 recuperavero
1155 2249 1293 2317 paterno.

104 2343 178 2403 Unrls
197 2363 254 2402 nos
278 2361 347 2402 erun
368 2341 428 2403 non'
451 2343 711 2421 supeoottanrm,
741 2343 795 2407 eerl
818 2361 910 2421 super
930 2345 1084 2421 propriam
1113 2352 1229 2402 terram
1257 2343 1294 2402 arl

94 2447 189 2505 lustru
210 2447 482 2524 praedecessorum
503 2457 677 2507 nostrorum
699 2447 816 2524 Regem
838 2439 1021 2507 intendimus
1044 2461 1211 2518 coronare,
1230 2465 1292 2530 vo·
1326 2513 1334 2530 ⁴

10 2595 11 2600 ,
103 2551 235 2610 lentcsut
252 2551 325 2626 ipse
341 2559 456 2609 terram
478 2551 619 2610 restituat
640 2549 751 2624 injuste
773 2551 934 2621 detentam,
956 2560 987 2609 et
1006 2559 1091 2610 terra
1112 2550 1225 2623 injuste
1245 2569 1293 2609 re·
1329 2531 1338 2548 ¹

18 2717 21 2725 y
103 2661 176 2712 tenta
195 2655 377 2714 restituatur
398 2655 510 2724 eidsm3
532 2671 599 2714 conr
620 2654 686 2731 lpse
708 2654 909 2732 postulaverit
922 2654 979 2714 hoc
994 2655 1121 2723 anobis,
1135 2663 1168 2712 ut
1184 2655 1220 2713 (le
1233 2664 1293 2714 ter·

103 2757 142 2813 ris
170 2757 287 2816 invasis
330 2757 477 2818 iaciamus
511 2759 591 2816 inter
620 2767 650 2817 tc
676 2767 708 2817 ct
739 2759 837 2835 ipsum
874 2759 994 2838 utrique
1028 2759 1107 2834 parti
1139 2755 1292 2831 justitiam

104 2858 242 2919 exhiberi.
272 2860 347 2920 (ium
361 2861 463 2939 igitur
484 2861 737 2920 nuntiis-nostris
758 2861 794 2920 ed
816 2864 884 2919 eum
906 2871 937 2921 el
957 2861 1070 2920 nuntiis
1092 2863 1157 2920 eius
1179 2862 1215 2921 ad
1236 2881 1300 2928 nos,

102 2979 155 3022 non
174 2965 425 3024 solumliloerum
446 2965 639 3024 concessoris
661 2967 839 3033 transitum,
861 2983 966 3024 verum
981 2967 1072 3024 ctiam
1086 2979 1226 3024 securum
1243 2966 1293 3024 du-

103 3077 204 3140 catum,
226 3087 285 3129 noar
308 3069 464 3128 debuimus
487 3070 615 3146 opinari,
638 3069 716 3146 quod
739 3061 804 3145 ips'e
825 3068 879 3126 tibi
901 3077 984 3128 essct
1002 3069 1221 3138 infestissimus
1236 3069 1292 3128 ini·
1372 3099 1378 3112 ·

101 3173 206 3242 micus,v
224 3173 281 3232 sert
302 3191 357 3250 per
378 3181 503 3232 nostrae
515 3171 730 3231 sollicitudinis:
746 3172 876 3234 sistulum
892 3171 1118 3231 inimicitiarum
1134 3173 1292 3232 occasione
1398 3203 1403 3218 ι

107 3276 222 3346 sublata,
244 3275 519 3336 de'inimicis'lieri
535 3277 665 3335 valeatis
677 3259 783 3334 amici.
806 3276 869 3334 Nec
891 3284 1015 3352 repente
1031 3277 1238 3352 processimus
1256 3275 1293 3334 ad

105 3375 320 3458 locncgotium
340 3379 624 3448 consummandum,
646 3395 714 3436 cunr
736 3379 912 3455 frequenter
933 3377 970 3436 ad
992 3395 1060 3436 eum
1081 3382 1202 3440 nuntios
1224 3395 1292 3438 cunr

101 3481 203 3544 litteris
226 3485 345 3565 nostris
364 3493 488 3561 propter
509 3483 798 3548 hoccuraverimus
815 3481 984 3563 ¹destinare,
1006 3492 1040 3541 ut
1060 3483 1152 3541 filiam
1169 3500 1292 3541 revoca·

98 3604 197 3648 remus
218 3589 255 3662 ad
277 3597 417 3656 matrem,
438 3596 470 3646 et
490 3587 656 3647 membrum
678 3585 893 3642 reduceremus
910 3585 946 3642 orl
962 3595 1069 3662 eaputp'
1083 3595 1229 3663 lpuatenus
1245 3603 1292 3644 es·

10 3679 12 3690 ’
97 3701 254 3751 setonam
276 3693 356 3751 ovile
378 3701 408 3752 et
427 3709 507 3750 unus
529 3701 643 3768 pastor.
667 3731 675 3751 .
698 3731 706 3748 .
730 3679 923 3750 ulledlimos
938 3707 1013 3768 ergo
1035 3685 1236 3766 paucissimas
1254 3689 1291 3748 de

10 3965 12 4002 l

10 4313 12 4398 l

10 4567 14 4817 l

96 3795 241 3868 plurimis
253 3797 400 3866 rationes,
421 3812 460 3856 ns
477 3795 571 3853 nimis
594 3807 742 3870 expressa
761 3795 922 3870 responsio
938 3805 968 3853 te
987 3795 1112 3852 nimium
1133 3793 1291 3862 conturba·
1342 3823 1344 3828 ·

10 3913 12 3960 l
96 3907 209 3958 ret...
230 3901 356 3958 Acerrae
378 3897 576 3960 nihilominus·
595 3897 893 3978 diligenter,‘··qutlc
915 3897 1043 3973 (lenique
1060 3902 1241 3972 reputares,
1264 3900 1291 3957 si
1323 3891 1329 3902 “

75 3971 150 4060 ⁸nos
170 4004 315 4080 impedire
335 4004 496 4079 vellemus,
517 3999 658 4085 ne·iilius
681 3999 750 4060 tuus
769 3995 903 4060 cainalis
917 4000 1057 4058 coronari
1071 3989 1170 4075 possit
1185 3997 1291 4060 iii'lle·

96 4122 179 4180 gem,
202 4117 232 4166 et
248 4110 309 4168 eale
327 4103 538 4184 nos'reputare
554 4099 708 4184 cognosce
727 4102 754 4163 si
772 4113 805 4164 tu
826 4093 972 4180 impodi'r'e
987 4104 1127 4174 coneris,
1150 4121 1188 4163 ne
1200 4105 1289 4164 vlilius

96 4203 199 4269 noster·
219 4211 389 4288 spiritualis
409 4213 439 4270 ln
461 4212 578 4288 Regem
591 4210 699 4268 voluer·
713 4207 864 4292 coronari,
886 4203 977 4263 lilius*
988 4205 1110 4284 inquam
1126 4207 1289 4285 prodigus,

97 4314 147 4387 qui
168 4313 239 4375 olim
261 4333 329 4376 oum
351 4314 564 4377 meretricibus
578 4311 879 4389 vivendolsxltrlose
895 4309 1101 4371 'substantiam
1123 4311 1290 4387 dissipatis
1355 4379 1360 4390 ¹

126 4455 352 4493 ,.
1034 4415 1240 4479 os-
