2930 4860
1160 349 1283 407 bttxttt

76 477 150 566 tuit,
180 491 271 578 post
296 475 465 554 diversas
490 475 602 556 etiam
628 477 782 582 regulus
807 475 955 570 eadem,
987 475 1145 585 repetita
1177 478 1282 576 vice,

75 593 234 672 consrrlto
261 591 474 688 attulimus,
508 609 551 672 ut
573 594 803 698 generaliter
827 593 1055 701 perspectis,
1089 621 1134 672 eo
1160 597 1282 702 magis

74 710 184 788 adlata
210 710 357 792 eluceat
380 709 541 806 veritas3
574 711 613 788 in
637 727 743 818 parte
767 710 975 815 syntectica
999 739 1046 790 ex
1070 713 1284 796 auctoribus

74 825 236 906 classicis
261 826 360 906 haud
384 829 501 934 pauca
528 826 769 918 adduximus,
794 843 835 904 ut
860 853 904 908 eo
931 826 1089 920 clarius,
1114 829 1284 937 apposita

73 943 250 1034 versione,
278 960 451 1022 cernatur
475 941 573 1024 filiae
597 972 681 1022 cum
706 959 824 1024 matre
836 943 1057 1040 similitudo;
1081 947 1285 1054 populares

77 1060 173 1142 etiam
200 1059 242 1138 in
267 1058 338 1138 hac
361 1075 467 1166 parte
489 1065 692 1138 sententias
710 1089 821 1168 saepe
834 1060 1075 1167 praetulimus
1095 1063 1296 1171 sublimio-

76 1178 178 1268 ribus,
206 1193 250 1256 ut
268 1206 380 1312 quum
397 1176 508 1279 tritae
524 1176 609 1267 sint,
635 1177 793 1286 amplius
812 1175 1102 1256 corroborandis
1121 1148 1296 1258 serviant

80 1293 234 1372 assertis.
542 1371 549 1386 ,

166 1409 397 1517 Quicunque
429 1410 477 1490 de
517 1410 731 1492 sinceritate
763 1411 999 1519 genuinasque
1028 1410 1206 1517 puritate
1217 1411 1287 1518 lin·

91 1553 166 1628 guae
187 1525 382 1622 dubitant,
415 1555 482 1606 eos
506 1528 605 1610 laem
630 1528 895 1623 refutavimus3
921 1527 984 1633 qui
1007 1525 1287 1634 perfectibilita·

93 1657 145 1718 tam
166 1641 250 1720 eius
264 1587 405 1750 absqrie
420 1643 693 1724 introductione
707 1643 1042 1735 barbarismorum,
1057 1660 1120 1729 aut
1137 1643 1286 1725 fictione

89 1759 356 1840 claudicantium
380 1760 686 1867 plebeismorum,
718 1761 845 1842 nescio
882 1789 990 1870 qnam
1022 1760 1285 1848 sublimitatem

86 1875 165 1982 apud
191 1904 260 1954 eos
285 1877 628 1999 praeseferentium,
654 1877 857 1964 concedere
881 1879 1030 1974 nolunt,
1059 1869 1153 1958 illos
1172 1903 1287 1982 roga·

87 2020 165 2083 nus,
189 2008 231 2070 ut
248 2019 343 2082 eam,
360 2021 467 2125 quam
479 1993 686 2095 Analogiae
703 1995 915 2102 aperuimus
932 1995 1040 2086 viam,
1060 1993 1202 2076 maiori
1197 2009 1285 2075 s·tu

81 2106 180 2186 deant
206 2137 304 2186 cum
318 2109 531 2201 attentione,
546 2139 743 2220 ,paucaque
767 2113 842 2203 illa,
868 2140 962 2221 quac
976 2111 1023 2190 ad
1040 2137 1287 2220 progressum

83 2225 307 2304 indicandum
322 2225 474 2304 fecimus
490 2228 708 2320 tentamina,
722 2228 863 2314 saniori
879 2227 1108 2336 perpendant
1127 2255 1210 2306 cum
1225 2230 1289 2332 ju·

83 2341 180 2435 dicio,
208 2359 246 2422 et
271 2341 305 2420 si
329 2341 401 2448 ipsi
426 2341 523 2422 haud
546 2345 814 2426 sufficientibus
839 2347 980 2454 pollent
1004 2346 1147 2424 viribus
1167 2343 1214 2422 ad
1230 2371 1289 2422 re·

83 2475 169 2537 ctam
182 2458 422 2567 perveniendi
446 2461 636 2557 semitam,
663 2461 808 2570 iterque
829 2461 871 2546 in
896 2489 940 2540 ea
963 2459 1140 2552 faciendi,
1166 2459 1301 2544 sinan

83 2577 206 2655 saltem
233 2604 277 2654 sc
302 2575 391 2655 illuc
420 2575 568 2669 adduci,
594 2578 838 2687 comitemque
862 2591 1139 2690 nonsrespuaut
1162 2573 1288 2682 sequi,
1314 2599 1315 2606 ¹

83 2709 115 2770 et
140 2692 293 2777 credant
318 2693 480 2770 luturum
507 2693 722 2801 aliquando,
761 2711 802 2774 ut
826 2695 896 2772 hac
919 2693 1063 2772 ratione
1088 2691 1159 2800 ipsi
1183 2717 1290 2798 prae·

84 2809 245 2886 sentibus
271 2807 420 2887 liberati
438 2811 603 2889 tenebris
628 2813 758 2890 lucem
771 2809 939 2905 videant3
971 2835 1064 2887 neve
1089 2823 1289 2912 aegrotan-

82 2926 168 3004 tium
193 2941 396 3034 sequantur
422 2955 582 3018 morem,
608 2957 669 3036 qur
659 2925 972 3006 medicamenta
962 2924 1054 3032 ipsis
1071 2924 1218 3030 ingrata
1232 2950 1290 3000 re-

84 3040 225 3131 ficiunt,
252 3039 397 3118 horum
403 3042 599 3122 utilitatem
617 3045 814 3122 aestimare
834 3043 960 3122 nescii.
1312 3037 1315 3043 ’

179 3156 458 3236 Celeberrimus
482 3159 604 3237 nostri
629 3159 768 3238 saeculi
792 3159 1046 3265 Philosophus
1071 3159 1201 3238 Fiehte
1233 3185 1292 3236 se-

86 3301 193 3378 quens
219 3273 395 3380 proponit
420 3303 529 3354 verae
547 3274 814 3381 Philosophiae
839 3277 1051 3356 criterium:
1078 3276 1293 3382 Cuicunque

88 3391 226 3468 obiecta
252 3407 358 3488 extra
383 3420 424 3469 se
449 3391 573 3498 posita
597 3391 794 3470 cessabunt
809 3421 988 3500 apparere
1003 3409 1043 3471 ut
1060 3393 1159 3470 entia
1170 3419 1236 3499 per
1251 3418 1295 3467 se

89 3507 290 3597 existentia,
316 3507 498 3616 illetseiat
522 3536 564 3586 se
588 3536 715 3585 veram
732 3512 813 3613 jam
838 3525 984 3588 nactum
1011 3537 1096 3586 esse
1118 3506 1296 3585 Philoso·
1329 3531 1335 3542 ‘

87 3621 215 3726 phiam.
241 3623 325 3700 Nos
348 3623 458 3715 aliud,
483 3623 569 3702 huic
584 3623 717 3715 simile,
743 3624 944 3703 astnonde
959 3623 1219 3731 Philosophia,
1235 3621 1296 3698 hic

87 3738 346 3846 proponimus:
375 3739 598 3873 Quicunque
623 3739 744 3817 adlata
768 3767 990 3845 percurrere
1014 3740 1193 3845 incipiens
1218 3754 1298 3815 tur·

87 3852 246 3948 habitur,
273 3854 338 3931 ille
363 3855 457 3933 sciet
482 3884 524 3932 se
548 3856 752 3934 inveterato
714 3856 948 3934 tlaborare
974 3856 1120 3948 morbo;
1146 3857 1296 3962 quicun-

90 3997 154 4075 que
178 3969 377 4049 omnibus
365 3972 595 4078 percursis
594 3972 639 4050 ad
671 4002 751 4051 rem
774 3972 995 4050 necessariis
1021 3966 1208 4049 fundatam
1222 3999 1299 4062 ,ra-

89 4085 247 4165 tionibus
274 4087 548 4219 suspicandum
561 4070 734 4166 inductus
753 4088 886 4184 fuerit,-
921 4089 984 4165 ille
1008 4087 1101 4165 sciat
1126 4117 1168 4165 se
1192 4116 1300 4164 sana·

94 4198 195 4279 bilem
220 4231 330 4296 esse,·
356 4203 563 4335 quicunque
587 4201 722 4302 iterata
745 4202 824 4292 vice
849 4203 1034 4308 perlectis,
1060 4200 1301 4333 adductisque

97 4318 320 4422 argumentis
346 4319 417 4398 rite
442 4317 633 4427 perpensis
660 4299 796 4396 claram
813 4318 1025 4428 perviderit,
1035 4317 1152 4398 lrcet
1141 4345 1212 4424 rpsr
1202 4316 1303 4394 lor·
