2904 4864
458 346 632 406 Sententiae
654 345 860 410 coordinatae.
929 395 931 402 .
986 323 988 328 ¹
1058 381 1062 386 ·
1208 321 1272 413 285

61 495 172 557 Orsini
176 495 212 556 'ta'
225 496 375 574 directi,
362 513 460 576 eoquo
473 501 556 558 etan
564 516 643 578 per·
663 499 734 558 Viri
751 497 829 572 justi
850 499 942 561 etiarn
963 515 1032 558 cum
1054 499 1163 576 capitis
1186 501 1264 578 peri·

98 602 176 660 dere
180 601 226 660 ’la
248 619 331 680 capu
335 601 405 671 ’tut
427 619 524 662 nuce
540 602 640 662 adda-
704 603 796 679 outo,
824 621 884 662 non
912 601 1064 662 declinant
1095 606 1184 664 avio
1204 606 1264 664 vir·
1278 619 1281 626 ·

99 709 134 763 tu
155 701 231 764 de
215 723 236 764 o
259 703 358 766 cotte'
361 705 395 766 la
416 705 549 782 certate'
558 705 610 766 tei.
707 709 790 766 tutis

57 805 268 886 Constantio,
291 809 437 870 endendae
454 807 494 868 de
512 828 573 888 pre
586 829 644 870 ca-
665 811 862 871 (Ionstantrue
870 852 881 884 ,
911 805 1074 870 decidendo
1102 831 1142 872 cx
1171 829 1265 890 equo,
1328 883 1331 896 .

100 913 208 982 datto,
229 916 260 973 ιι·
275 914 396 990 france
418 912 542 972 draettl
553 912 599 974 lu.
703 915 799 992 tregit
821 913 880 972 sibi
903 913 1071 974 brachium.

54 1012 218 1096 Aureliae,
246 1018 285 1077 de
307 1022 426 1098 quante
446 1019 496 1077 ori
516 1035 566 1076 me
586 1035 642 1076 oe·
662 1017 817 1086 Aurelius,
840 1017 960 1094 quotics
982 1037 1030 1076 rue
1051 1017 1150 1087 videt,
1172 1021 1264 1080 inter·

100 1122 158 1198 de,
180 1141 230 1183 me
250 1123 435 1199 interranea,
457 1137 524 1202 qaae
534 1121 640 1198 faciti.
693 1131 794 1199 ,rogat
815 1139 874 1189 me,
897 1121 967 1198 quid
990 1123 1122 1187 faciatis.

98 1291 163 1354 111.
184 1295 294 1356 Plures
316 1295 485 1355 sententiae
507 1295 669 1371 primariae
692 1303 796 1354 mutuo
811 1295 891 1354 iuter
908 1313 943 1363 se
960 1293 1094 1368 junctae,
1116 1281 1264 1358 vocantur

55 1398 283 1474 coordinatae;
299 1376 391 1460 'aliae
413 1399 450 1460 ab
478 1398 527 1458 hie
549 1399 751 1476 dependentes
779 1408 835 1496 aut
857 1398 894 1458 ab
924 1397 1033 1458 horum
1061 1399 1264 1476 praedicatis,

55 1501 197 1562 dicuntur
218 1503 466 1577 subordinatae5
488 1503 559 1562 iliae
580 1504 661 1564 iuter
682 1523 717 1564 se
739 1511 971 1592 construuntur,
994 1503 1051 1582 irae
1072 1503 1109 1562 ab
1132 1503 1192 1586 illis
1215 1505 1266 1564 de·.

56 1609 272 1672 terminantur.
293 1611 337 1666 Ειι
361 1583 517 1686 ειιιιιιῃίαε

61 1728 173 1805 Quale·
194 1731 348 1793 intellecti
362 1711 641 1810 uma'oerttute'ta,
664 1731 825 1809 Sapientes
847 1742 949 1792 amant
968 1733 1148 1810 veritatem,
1171 1733 1264 1794 ambi·

104 1837 204 1916 quelli
232 1836 391 1898 ambitiosi
423 1840 520 1896 cauta
546 1855 645 1896 cature
706 1837 778 1895 tioai
801 1845 949 1914 quaeruut
968 1835 1135 1924 honorem,
1167 1839 1264 1899 scele-

102 1938 166 2016 ¹10,
198 1939 298 2020 quelli
318 1940 471 2008 scelerati
489 1943 641 2021 intorquet
663 1971 667 1984 ·
704 1941 763 2000 rati
786 1941 908 2000 vertunt
929 1940 1065 2000 ordinem
1086 1944 1117 2001 iu
1131 1942 1264 2020 republi-

51 2093 56 2108 .
102 2043 259 2104 ordiue’la
272 2048 307 2104 io
326 2044 508 2124 repetitae,
522 2049 554 2103 et
564 2061 643 2123 per·
703 2061 757 2114 ca,
780 2053 812 2104 et
832 2043 983 2121 perdendo
1005 2054 1117 2106 statum
1138 2058 1266 2126 pereunt

103 2148 211 2207 dendo
231 2147 374 2208 atotu’tu
392 2166 476 2228 perat
495 2149 606 2208 emisi.
708 2148 779 2224 ipsi.

66 2249 183 2312 Morte’
193 2249 226 2310 la
253 2253 394 2328 nesure
413 2254 487 2311 neci
507 2251 586 2312 dene
605 2270 644 2311 a·
664 2249 752 2310 Mors
775 2268 831 2309 uec
853 2250 927 2308 benc
943 2253 1018 2311 tacit
1031 2253 1105 2326 illis,
1127 2273 1203 2333 quos
1217 2273 1264 2314 ra·

103 2351 292 2434 quelloru-a'e
302 2346 363 2433 pre
377 2355 466 2434 quali
483 2354 569 2433 tetta,
583 2373 644 2414 oe·
704 2355 776 2432 pit„
788 2370 844 2412 nec
861 2355 939 2414 nrale
957 2356 1046 2426 iltis„
1061 2375 1138 2434 quos
1159 2360 1264 2418 vivere

105 2456 218 2526 effren
238 2454 448 2540 uquettoru-ai
472 2477 532 2539 pre
553 2457 643 2539 quate
705 2461 796 2544 sinit,
819 2460 866 2536 uti
884 2477 955 2529 res,
984 2477 1059 2537 quac
1082 2461 1190 2521 adesse
1212 2482 1263 2539 po·

101 2563 207 2639 taceo,
230 2557 294 2644 qud
316 2581 383 2622 uno
399 2565 496 2640 sacta
516 2565 571 2644 qui
584 2582 645 2642 po·
707 2572 784 2634 teat,
805 2553 848 2621 ita
870 2571 903 2621 ut
923 2581 983 2622 oon
996 2573 1113 2634 noceat,
1135 2575 1167 2625 et
1185 2565 1263 2626 deri·

105 2672 138 2726 te
147 2669 210 2744 fire
224 2669 296 2726 atne
310 2669 459 2743 stricare,
472 2671 514 2754 et
523 2685 560 2726 aa
572 2671 645 2746 pote
707 2667 820 2747 derari,
834 2668 877 2726 itu
893 2675 926 2726 ut
941 2685 999 2726 uon
1014 2671 1121 2744 prosit.

101 2771 289 2830 desiderare
309 2772 381 2830 eine
402 2771 563 2846 adjutare.

63 2872 122 2950 Nu
141 2893 181 2933 ee
200 2876 268 2933 sete
288 2893 350 2955 que
369 2892 407 2933 oe
428 2875 498 2934 dice
514 2853 550 2936 ot
562 2877 644 2935 ciui-
664 2875 728 2933 Nec
745 2874 841 2934 scitur
857 2874 926 2950 quid
949 2875 1089 2935 dicitur
1080 2879 1265 2948 incivitate,

100 2976 185 3054 tale,
207 2981 280 3038 neci
301 2996 362 3060 que
382 2980 665 3056 sefuoetneur-
708 2995 765 3037 nec
786 2977 996 3058 quidagitur·
987 2979 1127 3050 rocula,
1123 2983 1267 3060 neuquid
1342 2985 1345 2994 ‘

111 3086 151 3152 te,
171 3085 244 3142 nect
265 3080 580 3164 queseeonrelioin'
593 3099 648 3142 ae·
710 3078 945 3141 deliberatorio
957 3094 1088 3148 secreto.
1176 3131 1178 3136 ,
1286 3095 1289 3101 “

113 3189 212 3250 cretu

109 3350 172 3414 IV.
193 3353 324 3426 Relatio,
340 3354 377 3418 ,in
400 3371 460 3433 qna
479 3353 648 3412 sententiae
670 3354 863 3421 coniunctae,
884 3353 921 3412 ad
942 3355 1071 3412 invicem
1094 3355 1269 3414 referuntur

68 3455 220 3515 indicatur
688 3535 691 3542 γ
712 3532 714 3536 Ι

172 3576 208 3663 1)
230 3599 287 3658 ope
308 3583 465 3658 temporis.
488 3581 663 3642 Sententiae
675 3583 838 3659 primariae
854 3583 1029 3642 coniunctae
1047 3585 1196 3654 retinent,
1209 3585 1269 3643 nisi

68 3685 122 3744 rei
141 3691 249 3745 natura
270 3685 359 3746 aliter
379 3691 503 3764 poscat,
524 3685 628 3745 eadem
649 3693 805 3766 tempora3
837 3685 1032 3747 secundariae
1052 3705 1126 3746 vero
1150 3696 1180 3748 et
1201 3687 1269 3748 sub·

70 3788 245 3866 ordinatae,
267 3799 385 3868 tempus
406 3789 566 3848 relativum
588 3799 728 3860 aumuut3
749 3810 776 3852 e.
798 3809 829 3868 g.

71 3887 244 3990 Quaerite,
258 3915 342 3992 ecio,
359 3917 390 3974 et
403 3907 578 3991 equester-d
591 3931 652 3990 ap-
674 3887 759 3991 Quod
781 3915 868 3983 scio,
889 3909 973 3986 scio,
994 3925 1025 3974 et
1045 3916 1103 3977 hoc
1124 3916 1270 3998 defendo,

113 4033 214 4095 perat,
242 4033 305 4098 que
323 4033 371 4077 tau
390 4017 482 4124 aeao3
511 4032 559 4076 atat
576 4033 654 4095 pre·
716 4019 795 4098 quod
815 4037 875 4079 non
897 4021 972 4089 scio,
994 4038 1053 4079 non
1075 4019 1249 4098 praetendo

116 4121 244 4195 tendam

40 4265 44 4278 .
74 4223 253 4286 Traieoeda
270 4240 331 4304 pre
346 4222 430 4284 catto
436 4193 659 4303 ,quondum-
679 4224 843 4288 't'ranaibat
864 4229 1013 4305 plateam,
1047 4229 1162 4336 quaudo
1192 4230 1274 4336 exiri

117 4325 160 4386 eti
181 4327 247 4389 a'tu
267 4349 355 4390 caea.
434 4397 437 4407 ¹
716 4331 814 4429 domn
