2904 4864
165 359 168 371 '
208 344 280 412 aul
624 377 628 385 ·
663 345 810 422 Syntaxls
831 344 1008 408 dictionum.

202 499 321 574 'comto
334 495 406 558 o'iu
418 513 499 558 cosa
515 495 650 577 pacando
662 491 740 558 botai
753 501 846 567 oona,
868 497 965 558 adbuo
982 513 1042 556 uon
1051 496 1190 556 exiverat
1204 495 1303 565 doura,
1320 515 1388 575 quun

218 611 325 660 octava
354 601 472 675 sounit3
499 601 580 660 verti
605 611 728 679 potest:
757 600 863 693 loquo
884 597 1061 676 ''auersa'ra
1082 600 1157 660 d'a'n
1186 619 1262 662 aoso
1285 604 1389 682 potando

216 701 293 765 datad
310 710 394 766 octo.
422 699 496 765 Nou
518 716 620 766 autem
643 707 702 776 ita;
725 703 829 788 Inque
854 725 901 766 nu
925 701 984 766 obe
1000 707 1097 791 foetu
1121 709 1269 764 monento
1286 706 1388 785 quoodo

88 781 103 838 ἱ·
215 805 294 869 datad
316 813 406 878 outo,
428 808 507 887 quod
527 810 703 887 siguificare
724 819 841 887 potest:
863 809 960 870 adhue
984 828 1043 868 non
1065 809 1168 870 aderat
1185 808 1294 886 quando
1310 812 1386 868 sonuit

126 949 128 954 ,
215 920 339 982 octava,
361 919 408 972 eta
431 912 527 972 adhue
549 932 609 974 non
631 923 759 974 voratus
780 919 847 973 ar‘at
862 913 979 992 quando
1003 915 1105 974 sonuit
1127 923 1251 992 ootava3
1273 921 1301 972 et
1315 915 1386 989 prino

216 1031 312 1074 sensu
326 1016 407 1076 verti
423 1026 542 1094 potest:
563 1016 669 1098 laquo
688 1037 735 1078 rau
749 1037 906 1080 moneam
920 1017 1053 1098 quondo
1064 1014 1149 1077 botai
1161 1021 1243 1086 octo,
1266 1025 1295 1075 et
1311 1035 1387 1074 aaron·

215 1118 274 1178 do:
296 1115 399 1199 loquo
418 1138 466 1180 no
481 1118 526 1198 fai
545 1125 699 1182 manculas
719 1123 853 1202 quando
875 1117 950 1181 botai
965 1125 1060 1196 oetu‚·
1072 1130 1241 1208 praeterea
1253 1137 1306 1180 sua
1318 1120 1387 1196 proli·
1422 1105 1425 1120 '

215 1223 310 1282 xitale
334 1242 476 1302 magnam
505 1235 611 1286 causat
638 1223 697 1284 boo
715 1227 944 1304 'exaggeratum
974 1225 1213 1291 operositatem,
1242 1232 1387 1299 quapropter

215 1327 393 1405 aeaquidem
406 1329 443 1386 in.
457 1329 602 1409 passivo,
625 1319 723 1390 adhue
733 1331 833 1388 minus
849 1331 880 1386 in
897 1329 998 1387 activo
1017 1326 1283 1403 commendandum
1298 1335 1352 1394 est,
1367 1333 1384 1384 ol

211 1430 321 1490 ‘eodem
350 1426 434 1490 vitio'
453 1431 593 1492 laborant
615 1434 706 1494 etiarn
736 1431 994 1494 citradanubiana·
1010 1415 1108 1490 autina
1136 1431 1315 1508 composita,
1338 1429 1380 1487 llol

167 1553 169 1570 ¹
213 1535 393 1595 sonsuinon
415 1527 553 1596 uodeanl.
855 1525 862 1558 '

248 1667 254 1676 ⁹
312 1677 347 1744 3.
368 1679 516 1736 Futurum
537 1677 738 1756 uonrposltum
756 1693 822 1736 rem
838 1677 971 1736 futuram
988 1693 1099 1753 vagam
1115 1675 1257 1749 denotat,
1277 1676 1384 1752 nulloque

214 1778 333 1854 oblaoto
354 1779 468 1850 lixam,
490 1781 637 1858 nullaque
657 1779 803 1838 relatione
819 1779 857 1838 ad
872 1779 949 1838 alias
965 1780 1161 1848 obstrictam,
1183 1797 1210 1838 o.
1225 1797 1258 1857 g.
1427 1847 1429 1896 p

218 1899 388 1964 Vmida'mu
407 1907 441 1966 at
463 1921 558 1968 vomu
580 1922 749 1965 remanere
762 1897 798 1963 'd
818 1903 988 1968 Veniemus
1003 1912 1035 1962 at
1047 1904 1237 1964 manebimus
1256 1901 1323 1980 apud
1337 1917 1383 1960 uos.

253 2023 318 2072 voa.

211 2103 385 2188 Spano-mi
400 2129 462 2194 que
476 2114 529 2176 oei
544 2109 677 2172 dicere?
818 2111 878 2192 Dio
892 2109 976 2180 mibi,
998 2109 1139 2188 quidnam
1154 2111 1263 2170 diaes?

213 2209 304 2272 Dore
316 2216 361 2274 mi
375 2213 411 2276 lu
426 2217 476 2275 oei
488 2223 633 2296 protono
649 2211 765 2274 annu?
818 2213 915 2272 Dabis
940 2213 970 2272 id
985 2213 1060 2274 mibi
1081 2233 1141 2302 por
1156 2233 1267 2274 aunum
1285 2215 1375 2291 (praru

860 2319 943 2390 no)'t

109 2472 114 2480 .
184 2415 305 2498 ¹Nacti
319 2421 406 2483 nolio
429 2425 495 2484 moi
508 2422 762 2506 dicerenema'oo.
820 2420 905 2480 Nihil
919 2418 1048 2496 amplius
1065 2422 1240 2484 tibldioa‘m.

315 2547 411 2599 'l'artla
444 2562 567 2614 persona
596 2545 685 2600 Verbi
719 2549 794 2614 notio
826 2561 890 2600 auru
922 2551 1061 2612 sequente
1094 2546 1283 2600 Coniunctlvo
1311 2541 1385 2612 pariter

214 2632 338 2688 futuram
355 2635 591 2702 significationem
609 2635 697 2702 parit,
722 2649 747 2686 e.
764 2651 792 2701 g.
813 2639 853 2687 Va
873 2653 903 2686 ao
924 2639 999 2687 viratu
1020 2634 1038 2686 la
1057 2637 1101 2686 aot
1123 2643 1150 2686 et
1168 2651 1206 2687 oo
1227 2653 1257 2687 ao
1280 2637 1305 2687 ot
1321 2633 1383 2692 aeolo
1427 2679 1428 2696 p

210 2726 286 2783 sacta
300 2728 443 2776 ueooda'te.
461 2724 578 2776 Veniam
595 2722 696 2778 advos
715 2730 743 2776 et
761 2724 851 2776 diuam
868 2723 949 2776 vobis
966 2737 1014 2778 res
1031 2722 1194 2786 inauditam
1213 2727 1305 2778 aredio
1317 2735 1381 2786 porro

213 2815 347 2874 roolooe,
365 2811 451 2889 oredo
469 2811 542 2877 quod
560 2811 658 2881 pluet.v
983 2795 985 2802 ’

296 2920 344 3003 ’4.
365 2923 686 3009 autoramentum,
708 2940 739 2999 in
756 2959 870 3018 genera
879 2979 892 3018 ,
918 2949 1038 3017 tempus
1059 2950 1107 3000 ost
1128 2941 1220 3002 valdo
1240 2941 1378 3002 delicatun.
1426 2939 1427 2979 l

213 3049 246 3102 et
261 3042 327 3101 aina
341 3061 418 3102 usus
434 3044 531 3104 adhuo
543 3045 710 3106 delicatior.
738 3047 785 3104 Ex
807 3055 936 3122 quatuor
950 3045 1078 3114 formis,
1101 3047 1252 3123 simplex,
1273 3044 1385 3125 genuino,

213 3163 289 3208 vera
309 3155 344 3210 ot
368 3147 494 3228 elegans
517 3158 565 3208 est
584 3147 848 3208 Aureliauidarum
867 3150 1027 3226 (superius
1042 3151 1218 3226 exposita),
1241 3143 1385 3210 ornanda

181 3271 184 3281 ·
213 3249 403 3328 exaggerati
423 3253 489 3312 eius
511 3252 740 3324 loco,utuntur,
769 3270 845 3329 quaa
864 3251 1093 3330 ambiguitatem
1116 3253 1214 3333 parit,
1238 3257 1386 3330 quapropter

211 3341 434 3428 dissuadenda3
460 3365 492 3416 et
506 3367 666 3434 praeterea
680 3375 823 3434 maguam
837 3367 907 3434 post
918 3375 960 3416 so
982 3355 1077 3418 trahit
1099 3359 1330 3425 operositatem,
1347 3365 1387 3429 ott

211 3473 269 3524 tloo
289 3453 536 3536 renouandum,
559 3462 658 3520 active
677 3462 879 3536 compositae,
902 3470 1016 3520 carent.
1192 3506 1198 3519 ,
1424 3481 1425 3543 p

312 3565 347 3626 1n
367 3583 481 3642 genere
498 3566 734 3642 periphrastiois
751 3564 938 3642 temporibus
963 3581 1081 3624 summa
1105 3583 1173 3624 oum
1195 3563 1311 3628 cautela
1328 3567 1388 3619 uteu-

212 3664 281 3726 duul
290 3707 302 3736 ,
322 3686 392 3728 nam
407 3671 592 3746 permultum
609 3670 794 3746 praecisioni
812 3669 936 3746 linguae
949 3678 1215 3746 nocent,eanrqua
1233 3653 1326 3726 laxam
1341 3657 1388 3718 red·

211 3769 299 3840 dunt,
322 3789 430 3850 quoru,
453 3764 625 3846 caeterum,
642 3791 695 3834 aaa
711 3782 760 3836 sat
777 3773 860 3836 claro
880 3783 912 3838 et
929 3773 1129 3848 determinato
1142 3771 1325 3852 temporibus
1337 3766 1389 3826 sin·

211 3875 339 3958 plicibus
362 3878 493 3959 exprimi
514 3879 622 3958 possit.

410 4107 412 4112 .
527 4015 529 4020 Α
577 4059 616 4120 Β.
645 4052 913 4117 Coniunctioa'
934 4053 1048 4122 modi.

312 4225 342 4290 i.
369 4229 504 4305 'dampna
529 4245 676 4304 praesens
700 4204 890 4290 Coniunativi
928 4227 1009 4286 modi
1035 4237 1217 4314 usurpatur,
1244 4229 1293 4290 ubl
1316 4227 1347 4286 da
1363 4239 1388 4282 ra

143 4421 148 4432 .
213 4330 348 4401 ineerta,
369 4341 421 4394 aut
435 4331 640 4413 oandtjonata
654 4333 704 4394 rat
720 4334 901 4414 arbitraria,
923 4332 1012 4412 quasi
1040 4333 1233 4399 a'toluutato
1257 4329 1386 4414 loquantis
